@article{RobbinsMonro1951,
author = {Herbert Robbins and Sutton Monro},
title = {{A Stochastic Approximation Method}},
volume = {22},
journal = {The Annals of Mathematical Statistics},
number = {3},
publisher = {Institute of Mathematical Statistics},
pages = {400 -- 407},
year = {1951},
doi = {10.1214/aoms/1177729586},
URL = {https://doi.org/10.1214/aoms/1177729586}
}
