@book{Goodfellow16,
    title={Deep Learning},
    author={Ian Goodfellow and Yoshua Bengio and Aaron Courville},
    publisher={MIT Press},
    note={\url{http://www.deeplearningbook.org}},
    year={2016}
}

@inproceedings{Goodfellow14d,
	title = {Multi-digit Number Recognition from Street View Imagery 
			using Deep Convolutional Neural Networks},
	author  = {Ian Goodfellow and Yaroslav Bulatov and Julian Ibarz 
				and Sacha Arnoud and Vinay Shet},
	year  = {2014},
	booktitle = {International Conference of Learning Representation (ICLR)}
}

@inproceedings{Goodfellow13a,
    author = {Ian J. Goodfellow and David Warde-farley 
    		and Mehdi Mirza and Aaron Courville and Yoshua Bengio},
    title = {Maxout networks},
    booktitle = {Internation Conference on Machine Learning (ICML)},
    year = {2013}
}

@Article{Siegelmann91,
	title = "Turing computability with neural nets",
	journal = "Applied Mathematics Letters",
	volume = "4",
	number = "6",
	pages = "77 -- 80",
	year = "1991",
	author = "Hava T. Siegelmann and Eduardo D. Sontag"
}

@Article{Gatys15,
  author = "L. A. Gatys and A. S. Ecker and M. Bethge",
  title = "A Neural Algorithm of Artistic Style",
  year = 2015,
  journal = "arXiv",
  month = "Aug",
  url = "http://arxiv.org/abs/1508.06576"
}

@Article{Srivastava14,
	author 	= {Srivastava, N. and Hinton, G. and Krizhevsky, A. 
				and Sutskever, I. and Salakhutdinov, R},
	year 	= {2014},
	title 	= {Dropout: A simple way to prevent neural networks from overfitting},
	journal = {Journal of Machine Learning Research},
	volume 	= {15}, 
	pages 	= {1929--1958}
}

@Article{Cybenko89,
	author 	= {Cybenko, G.},
	year 	= {1989},
	title 	= {Approximation by superpositions of a sigmoidal function},
	journal = {Mathematics of Control, Signals, and Systems},
	volume 	= {2},
	number 	= {4},
	pages 	= {303--314}
}

@inproceedings{Zeiler14,
	author	="Zeiler, Matthew D. and Fergus, Rob",
	title 	="Visualizing and Understanding Convolutional Networks",
	booktitle ="13th European Conference of Computer Vision (ECCV)",
	year 	="2014",
	pages 	="818--833"
}


@inproceedings{Montufar14,
	 author = {Mont\'{u}far, Guido and Pascanu, Razvan and Cho, Kyunghyun and Bengio, Yoshua},
	 title = {On the Number of Linear Regions of Deep Neural Networks},
	 booktitle = {Proceedings of the 27th International Conference on Neural Information Processing Systems - Volume 2},
	 series = {NIPS'14},
	 year = {2014},
	 pages = {2924--2932}
} 

@article{Tenenbaum00,
	author = {J. B. Tenenbaum and V. de Silva and J. C. Langford},
	title= {A global framework for nonlinear dimensionality reduction},
	journal = {Science},
	volume = {290},
	pages = {2319 -- 2323},
	year = {2000}
}

@InProceedings{Littman01,
    author = {M. L. Littman and R. S. Sutton and S. Singh},
    title = {Predictive Representations of State},
    booktitle = {In Advances In Neural Information Processing Systems 14},
    year = {2001},
    pages = {1555--1561},
    publisher = {MIT Press}
}

@Book{Wiering12,
  OPTauthor = 	 {Heinz Bauer and Robert B. Burckel},
  editor = 	 {M. Wiering and M. van~Otterlo},
  title = 	 {Reinforcement Learning: State-of-the-Art},
  publisher = 	 {Springer-Verlag Berlin Heidelberg},
  year = 	 {2012}
}

@InCollection{Wingate12,
   author = {D. Wingate},
   title = {Predictively Defined Representations of State},
   booktitle = {Reinforcement Learning: State-of-the-Art},
   OPTseries = {Adaptation, Learning, and Optimization},
   OPTvolume = {12},
   editor = {M. Wiering and M. van~Otterlo},
   publisher = {Springer-Verlag Berlin Heidelberg},
   pages = {415--439},
   year = {2012}
}

@article{Shatkay02,
  author = {Shatkay, Hagit and Kaelbling, Leslie Pack},
  journal = {Journal of  Artificial Intelligence Research (JAIR)},
  pages = {167-207},
  title = {Learning Geometrically-Constrained Hidden Markov Models for Robot Navigation: Bridging the Topological-Geometrical Gap.},
  volume = 16,
  year = 2002
}

@InProceedings{Wingate07,
  author    = {D. Wingate and S. P. Singh},
  title     = {On discovery and learning of models with predictive representations
               of state for agents with continuous actions and observations},
  booktitle = {International Joint Conference on Autonomous Agents and Multiagent Systems},
  year      = {2007},
  pages     = {1128--1135}
}

@article{Kaelbling98,
  author    = {L. P. Kaelbling and
               M. L. Littman and
               A. R. Cassandra},
  title     = {Planning and Acting in Partially Observable Stochastic Domains},
  journal   = {Artificial Intelligence},
  volume 		= {101},
  pages 		= {99--134},
  year      = {1998}
}




@INPROCEEDINGS{Parr07,
    author = {R. Parr and C. Painter-Wakefield and L. Li and M. Littman},
    title = {Analyzing feature generation for value-function approximation},
    booktitle = {International Conference on Machine Learning},
    year = {2007} 
}
 
@INPROCEEDINGS{Jenk04,
	author = {O. C. Jenkins and  M. J. Mataric},
	title = {A spatio-temporal extension to {I}somap nonlinear dimension reduction},
	booktitle = {International Conference on Machine Learning},
	year = {2004}
}


@INPROCEEDINGS{Konidaris11,
	author = {G. D. Konidaris and S. Osentoski and P.S. Thomas},
	title = {Value Function Approximation in Reinforcement Learning using the {F}ourier Basis},
	booktitle = {Proceedings of the Twenty-Fifth Conference on Artificial Intelligence},
	year = 2011
	}

@INPROCEEDINGS{Wilk05,
    author = {Dana Wilkinson},
    title = {Learning subjective representations for planning},
    booktitle = {The 19th International Joint Conference on Artificial Intelligence},
    year = {2005},
    pages = {889--894}
}

@InProceedings{Bowl05,
	author ={M. Bowling and A. Ghodsi and D. Wilkinson},
	title = {Action respecting embedding},
	booktitle = {International Conference on Machine learning},
	year = {2005}
} 

@InCollection{Xu06,
   author = {X. Xu},
   optaffiliation = {Institute of Automation, National University of Defense Technology, 410073 Changsha, P.R. China},
   title = {A Sparse Kernel-Based Least-Squares Temporal Difference Algorithm for Reinforcement Learning},
   booktitle = {Advances in Natural Computation},
   series = {Lecture Notes in Computer Science},
   opteditor = {Jiao, Licheng and Wang, Lipo and Gao, Xin-bo and Liu, Jing and Wu, Feng},
   publisher = {Springer Berlin / Heidelberg},
   optisbn = {},
   pages = {47--56},
   volume = {4221},
   opturl = {http://dx.doi.org/10.1007/11881070_8},
   optnote = {10.1007/11881070_8},
   year = {2006}
}

@article{Xu07,
  author = {Xu, Xin and Hu, Dewen and Lu, Xicheng},
  journal = {IEEE Transactions on Neural Networks},
  number = 4,
  pages = {973--992},
  title = {Kernel-Based Least Squares Policy Iteration for Reinforcement Learning.},
  volume = 18,
  year = 2007
}

@article{Dann14,
  author = {Dann, C. and Neumann, G. and Peters, J.},
  journal = {Journal of Machine Learning Research},
  pages = {809--883},
  title = {Policy Evaluation with Temporal Differences: A Survey and Comparison},
  volume = {15},
  year = {2014}
}

@InProceedings{SCH01,
  author = 	 {B. Sch\"olkopf and R. Herbrich and A.J. Smola},
  title = 	 {A Generalized Representer Theorem},
  booktitle = 	 {Conference on Learning Theory},
  OPTcrossref =  {},
  OPTkey = 	 {},
  OPTpages = 	 {},
  year = 	 {2001},
  OPTeditor = 	 {},
  OPTvolume = 	 {},
  OPTnumber = 	 {},
  OPTseries = 	 {},
  OPTaddress = 	 {},
  OPTmonth = 	 {},
  OPTorganization = {},
  OPTpublisher = {},
  OPTnote = 	 {},
  OPTannote = 	 {}
}

@Article{Foldiak91,
    author   = {P. F\"oldi\'ak},
    title    = {Learning invariance from transformation sequences},
    journal  = {Neural Computation},
    year     = {1991},
		volume= {3},
		number= {2},
		pages = {194--200}
}

@Article{Becker92,
    author   = {S. Becker and G. E. Hinton},
    title    = {A self-organizing neural network that discovers surfaces in randomdot stereograms},
    journal  = {Nature},
    year     = {1992},
		volume	 = {355},
		number	 = {6356},
		pages 	 = {161--163}
}


@Book{CHUNG97,
  author = 	 {F.R.K. Chung},
  ALTeditor = 	 {},
  title = 	 {Spectral Graph Theory},
  publisher = 	 {American Mathematical Society},
  year = 	 {1997},
  OPTkey = 	 {},
  OPTvolume = 	 {},
  OPTnumber = 	 {},
  OPTseries = 	 {},
  OPTaddress = 	 {},
  OPTedition = 	 {},
  OPTmonth = 	 {},
  OPTnote = 	 {},
  OPTannote = 	 {}
}

@InProceedings{Keller06,
 author =      {P. W. Keller and S. Mannor and D. Precup},
 title =      {Automatic Basis Function Construction for Approximate Dynamic Programming and Reinforcement Learning},
 booktitle ={International Conference on Machine Learning},
 year =      {2007}
}

@InProceedings{Parr08,
 author =      {R. Parr and L. Li and G. Taylor and C. Painter-Wakefiled and M. L. Littman},
 title =      {An Analysis of Linear Models, Linear Value-Function Approximation,
               and Feature Selection for Reinforcement Learning},
 booktitle ={International Conference on Machine Learning},
 year =      {2008}
} 

@InProceedings{PETERS09,
 title = {Policy Search for Motor Primitives in Robotics},
 author = {J. Kober and J. Peters},
 booktitle = {Advances in Neural Information Processing Systems},
 OPTeditor = {D. Koller and D. Schuurmans and Y. Bengio and L. Bottou},
 OPTpages = {849--856},
 year = {2009}
}

@inProceedings{Abbeel07,
 title = {An Application of Reinforcement Learning to Aerobatic Helicopter Flight},
 author = {Peter Abbeel and Adam Coates and Morgan Quigley and Andrew Y. Ng},
 booktitle = {Advances in Neural Information Processing Systems},
 OPTeditor =	 {B. Sch\"{o}lkopf and J. Platt and T. Hoffman},
 OPTpublisher =	 {MIT Press},
 OPTaddress =	 {Cambridge, MA},
 pages =	 {1--8},
 year = 2007
}



@InProceedings{Smith90,
  author = 	 {R. Smith and  M. Slef and P. Cheeseman},
  ALTeditor = 	 {},
  title = 	 {Estimating uncertain spatial relationships in robotics},
  booktitle = 	 {Autonomous robot vehicles},
  publisher = 	 {Springer-Verlag},
  year = 	 {1990},
  OPTkey = 	 {},
  OPTvolume = 	 {},
  OPTnumber = 	 {},
  OPTseries = 	 {},
  OPTaddress = 	 {},
  OPTedition = 	 {},
  OPTmonth = 	 {},
  OPTnote = 	 {},
  OPTannote = 	 {}
}

@PhdThesis{Davison98,
  author = 	 {A.J. Davison},
  title = 	 {Mobile Robot Navigation Using Active Vision},
  school = 	 {University of Oxford},
  year = 	 {1998},
  OPTkey = 	 {},
  OPTtype = 	 {},
  OPTaddress = 	 {},
  OPTmonth = 	 {},
  OPTnote = 	 {},
  OPTannote = 	 {}
}

@article{10.1109/ICCV.2003.1238654,
}

@InProceedings{Davison03,
	author = {A. J. Davison},
	title = {Real-Time Simultaneous Localization and Mapping with a Single Camera},
	booktitle ={IEEE International Conference on Computer Vision},
	volume = {2},
	OPTisbn = {0-7695-1950-4},
	year = {2003},
	pages = {1403}
}


@InProceedings{Estrada05, 
	author = {C. Estrada and J. Neira, and J.D.  Tardos},
      	title ={Hierarchical SLAM: Real-Time Accurate Mapping of Large Environments},
      	booktitle = {IEEE Transactions on Robotics}, 
	year = {2005},
	volume =  {21} 
}


@InProceedings{Clemente07,
	author = { L. Clemente and A.  Davison and I.  Reid and J. Neira and J. Tardos},
      	title = {Mapping Large Loops with a Single Hand-Held Camera},
    	booktitle = {Robotics: Science and Systems Conference},
	year = {2007}
}

@InProceedings{Montemerlo02,
	author = {M. Montemerlo and S. Thrun and D. Koller and B. Wegbreit},
	title = {FastSLAM: a factored solution to the simultaneous localization and mapping problem},
     	booktitle ={Eighteenth national conference on Artificial intelligence},
	year =  {2002}
}

@InProceedings{Sim05,
	author = {R. Sim and P. Elinas and M. Griffin and J.J. Little},
      	title = {Vision-based SLAM using the Rao-Blackwellised Particle Filter}, 
        booktitle = {IJCAI Workshop on Reasoning with Uncertainty in Robotics},
	year =  {2005}
}


@InProceedings{Murphy99,
	author = {K. Murphy},
	title = {Bayesian Map Learning in Dynamic Environments},
 	booktitle = {Advances in Neural Information Processing Systems},
	year = {1999}
}

@InProceedings{Eade06, 
	author =  {E. Eade and T. Drummond},
	title =	 {Scalable Monocular SLAM}, 
	booktitle = {Conference on Computer Vision and Pattern Recognition}, 
	year = {2006}
}

@Book{WER05,
  author = 	 {D. Werner},
  ALTeditor = 	 {},
  title = 	 {Funktionalanalysis},
  publisher = 	 {Springer},
  year = 	 {2005},
  OPTkey = 	 {},
  OPTvolume = 	 {},
  OPTnumber = 	 {},
  OPTseries = 	 {},
  OPTaddress = 	 {},
  OPTedition = 	 {},
  OPTmonth = 	 {},
  OPTnote = 	 {},
  OPTannote = 	 {}
}

@Book{DEVORE93,
  author = 	 {R.A. DeVore and G.G. Lorentz},
  ALTeditor = 	 {},
  title = 	 {Constructive Approximation},
  publisher = 	 {Springer},
  year = 	 {1993},
  OPTkey = 	 {},
  OPTvolume = 	 {},
  OPTnumber = 	 {},
  OPTseries = 	 {},
  OPTaddress = 	 {},
  OPTedition = 	 {},
  OPTmonth = 	 {},
  OPTnote = 	 {},
  OPTannote = 	 {}
}

@Book{Rasmussen06,
  author = 	 {C. E. Rasmussen and C. K. I. Williams},
  ALTeditor = 	 {},
  title = 	 {{G}aussian Processes for Machine Learning},
  publisher = 	 {MIT Press},
  year = 	 {2006},
  OPTkey = 	 {},
  OPTvolume = 	 {},
  OPTnumber = 	 {},
  OPTseries = 	 {},
  OPTaddress = 	 {},
  OPTedition = 	 {},
  OPTmonth = 	 {},
  OPTnote = 	 {},
  OPTannote = 	 {}
}

@Book{Taylor04,
  author = 	 {J. Shawe-Taylor and N. Cristianini},
  ALTeditor = 	 {},
  title = 	 {Kernel Methods for Pattern Analysis},
  publisher = 	 {Cambridge University Press},
  year = 	 {2004},
  OPTkey = 	 {},
  OPTvolume = 	 {},
  OPTnumber = 	 {},
  OPTseries = 	 {},
  OPTaddress = 	 {},
  OPTedition = 	 {},
  OPTmonth = 	 {},
  OPTnote = 	 {},
  OPTannote = 	 {}
}

@Book{BERT78,
  author = 	 {D. P. Bertsekas and S. E. Shreve},
  ALTeditor = 	 {},
  title = 	 {Stochastic Optimal Control (The Discrete Time Case)},
  publisher = 	 {Academic Press, New York},
  year = 	 {1978},
  OPTkey = 	 {},
  OPTvolume = 	 {},
  OPTnumber = 	 {},
  OPTseries = 	 {},
  OPTaddress = 	 {},
  OPTedition = 	 {},
  OPTmonth = 	 {},
  OPTnote = 	 {},
  OPTannote = 	 {}
}

@Article{MUN07b,
  author = 	 {R\'emi Munos and Csaba Szepesvari},
  title = 	 {Finite Time Bounds for Sampling Based Fitted Value Iteration},
  journal = 	 {Journal of Machine Learning Research},
  year = 	 {2007},
  OPTkey = 	 {},
  OPTvolume = 	 {},
  OPTnumber = 	 {},
  OPTpages = 	 {},
  OPTmonth = 	 {},
  OPTnote = 	 {},
  OPTannote = 	 {}
}



@Article{MUN07a,
  author = 	 {R\'emi Munos},
  title = 	 {Performance Bounds in Lp-norm for Approximate Value Iteration},
  journal = 	 {SIAM Journal on Control and Optimization},
  year = 	 {2007},
  OPTkey = 	 {},
  OPTvolume = 	 {},
  OPTnumber = 	 {},
  OPTpages = 	 {},
  OPTmonth = 	 {},
  OPTnote = 	 {},
  OPTannote = 	 {}
}

@PhdThesis{JACK11,
  author = 	 {D. Jackson},
  title = 	 {Ueber die Genauigkeit der Ann\"aherung stetiger Funktionen durch ganze rationale 
Funktionen gegebenen Grades und trigonometrische Summen gegebener Ordnung},
  school = 	 {G\"ottingen},
  year = 	 {1911},
  OPTkey = 	 {},
  OPTtype = 	 {},
  OPTaddress = 	 {},
  OPTmonth = 	 {},
  OPTnote = 	 {},
  OPTannote = 	 {}
}

@Book{LOR66,
  author = 	 {G. G. Lorentz},
  ALTeditor = 	 {},
  title = 	 {Approximation of Functions},
  publisher = 	 {Holt, Rinehart and Winston},
  year = 	 {1966},
  OPTkey = 	 {},
  OPTvolume = 	 {},
  OPTnumber = 	 {},
  OPTseries = 	 {},
  OPTaddress = 	 {},
  OPTedition = 	 {},
  OPTmonth = 	 {},
  OPTnote = 	 {},
  OPTannote = 	 {}
}

@Book{QUER01,
  author = 	 {B.v. Querenburg},
  ALTeditor = 	 {},
  title = 	 {Mengentheoretische Topologie},
  publisher = 	 {Springer},
  year = 	 {2001},
  OPTkey = 	 {},
  OPTvolume = 	 {},
  OPTnumber = 	 {},
  OPTseries = 	 {},
  OPTaddress = 	 {},
  OPTedition = 	 {},
  OPTmonth = 	 {},
  OPTnote = 	 {},
  OPTannote = 	 {}
}

@Article{Schoelkopf98,
    author   = {B. Sch\"olkopf and A. Smola and K.-R. M\"uller},
    title    = {Nonlinear Component Analysis as a Kernel Eigenvalue Problem},
    journal  = {Neural Computation},
    year     = {1998},
		volume	 = {10},
		number	 = {5},
		pages 	 = {1299-1319}
}


@ARTICLE{Scholkopf98KCAeigval,
  author = {B. Sch{\"{o}}lkopf and A. J. Smola and K.-R.
	M{\"{u}}ller},
  title = {Nonlinear component analysis as a kernel eigenvalue problem},
  journal = {Neural Computation},
  year = {1998},
  optvolume = {10},
  optpages = {1299-1319},
  optnumber = {5},
  citeseerurl = {http://citeseer.ist.psu.edu/sch98nonlinear.html},
  pdf = {021_schöl98kPCA.pdf},
  OPTurl = {http://www.kernel-machines.org/papers/nlpca.ps.gz}
}


@InProceedings{BrayMartinez02KSFA,
  author = {A. Bray and D. Martinez},
  title = {Kernel-Based Extraction of {S}low Features: Complex Cells Learn Disparity
	and Translation Invariance from Natural Images.},
  booktitle =  {Advances in Neural Information Processing Systems},
  year = {2002},
  volume = {15},
  pages = {253--260},
  OPTbibsource = {DBLP, http://dblp.uni-trier.de},
  OPTbooktitle = {NIPS},
  OPTpdf = {005_bray02KSFA.pdf},
  OPTURL = {http://books.nips.cc/papers/files/nips15/NS20.pdf}
}



@InProceedings{RAS04,
  author = 	 {C. E. Rasmussen and M. Kuss},
  title = 	 {{G}aussian Processes in Reinforcement Learning},
  booktitle = 	 {Advances in Neural Information Processing Systems},
  OPTcrossref =  {},
  OPTkey = 	 {},
  OPTpages = 	 {},
  year = 	 {2004},
  OPTeditor = 	 {},
  OPTvolume = 	 {},
  OPTnumber = 	 {},
  OPTseries = 	 {},
  OPTaddress = 	 {},
  OPTmonth = 	 {},
  OPTorganization = {},
  OPTpublisher = {},
  OPTnote = 	 {},
  OPTannote = 	 {}
}

@InProceedings{ENGEL05B,
  author = 	 {Y. Engel and P. Szabo and D. Volkinshtein},
  title = 	 {Learning to Control an Octopus Arm with 
  					{G}aussian Process Temporal Difference Methods},
  booktitle = 	 {Advances in Neural Information Processing Systems},
  OPTcrossref =  {},
  OPTkey = 	 {},
  OPTpages = 	 {},
  year = 	 {2005},
  OPTeditor = 	 {},
  OPTvolume = 	 {},
  OPTnumber = 	 {},
  OPTseries = 	 {},
  OPTaddress = 	 {},
  OPTmonth = 	 {},
  OPTorganization = {},
  OPTpublisher = {},
  OPTnote = 	 {},
  OPTannote = 	 {}
}

@InProceedings{BOY95,
  author = 	 {J.A. Boyan and A.W. Moore},
  title = 	 {Generalization in Reinforcement Learning: Safely Approximating the Value Function},
  booktitle = 	 {Advances in Neural Information Processing Systems},
  OPTcrossref =  {},
  OPTkey = 	 {},
  OPTpages = 	 {},
  year = 	 {1995},
  OPTeditor = 	 {},
  OPTvolume = 	 {},
  OPTnumber = 	 {},
  OPTseries = 	 {},
  OPTaddress = 	 {},
  OPTmonth = 	 {},
  OPTorganization = {},
  OPTpublisher = {},
  OPTnote = 	 {},
  OPTannote = 	 {}
}

@Book{BERT96,
  author = 	 {D. P. Bertsekas and J. N. Tsitsiklis},
  title = 	 {Neuro-Dynamic Programming},
  publisher = 	 {Athena Scientific},
  year = 	 {1996},
  OPTkey = 	 {},
  OPTvolume = 	 {},
  OPTnumber = 	 {},
  OPTseries = 	 {},
  OPTaddress = 	 {},
  OPTedition = 	 {},
  OPTmonth = 	 {},
  OPTnote = 	 {},
  OPTannote = 	 {}
}

@PhdThesis{ENGEL05A,
  author = 	 {Y. Engel},
  title = 	 {Algorithms and Representations for Reinforcement Learning},
  school = 	 {Hebrew University},
  year = 	 {2005},
  OPTkey = 	 {},
  OPTtype = 	 {},
  OPTaddress = 	 {},
  OPTmonth = 	 {},
  OPTnote = 	 {},
  OPTannote = 	 {}
}

@InProceedings{Engel03,
   author = {Y. Engel and S. Mannor and R. Meir},
    title = {{B}ayes Meets {B}ellman: the {G}aussian Process 
    				Approach to Temporal Difference Learning},
    booktitle = {International Conference on Machine Learning},
    year = {2003},
    pages = {154--161}
}

@Article{Legenstein10,
  author = 	 {R. Legenstein and N. Wilbert and L. Wiskott},
  title = 	 {Reinforcement Learning on Slow Features of High-Dimensional Input Streams},
  journal = 	 {PLoS Computational Biology},
  year = 	 {2010},
  volume = 	 {6},
  number = 	 {8},
  pages = 	 {e1000894},
	OPTdoi = 	{10.1371/journal.pcbi.1000894}
}

@Article{Franzius07,
  author = 	 {M. Franzius and H. Sprekeler and L. Wiskott},
  title = 	 {Slowness and Sparseness leads to Place, Head-Direction, and Spatial-View Cells},
  journal = 	 {PLoS Computational Biology},
  year = 	 {2007},
  volume = 	 {3},
  number = 	 {8},
  pages = 	 {e166},
	OPTdoi = 	{10.1371/journal.pcbi.0030166}
}

@Article{Lagoudakis03,
  author = 	 {M. G. Lagoudakis and R. Parr},
  title = 	 {Least-Squares Policy Iteration},
  OPTjournal = 	 {Journal of Machine Learning Research},
  journal = 	 {Journal of Machine Learning Research},
  year = 	 {2003},
  volume = 	 {4},
  pages = 	 {1107--1149}
}

@Article{KAY92,
  author = 	 {D. MacKay},
  title = 	 {Information-based objective functions for active data selection},
  journal = 	 {Neural Computation},
  year = 	 {1992},
  OPTkey = 	 {},
  OPTvolume = 	 {},
  OPTnumber = 	 {},
  OPTpages = 	 {},
  OPTmonth = 	 {},
  OPTnote = 	 {},
  OPTannote = 	 {}
}

@TechReport{GRUE07,
  author = 	 {S. Grnew\"alder and K. Obermayer},
  title = 	 {Optimality of LSTD and its Relation to TD and MC},
  institution =  {University of Technology Berlin},
  year = 	 {2006},
  OPTkey = 	 {},
  OPTtype = 	 {},
  OPTnumber = 	 {},
  OPTaddress = 	 {},
  OPTmonth = 	 {},
  OPTnote = 	 {},
  OPTannote = 	 {}
}

@Book{FED72,
  author = 	 {V. V. Fedorov},
  ALTeditor = 	 {},
  title = 	 {Theory of Optimal Experiments},
  publisher = 	 {Academic Press, New York},
  year = 	 {1972},
  OPTkey = 	 {},
  OPTvolume = 	 {},
  OPTnumber = 	 {},
  OPTseries = 	 {},
  OPTaddress = 	 {},
  OPTedition = 	 {},
  OPTmonth = 	 {},
  OPTnote = 	 {},
  OPTannote = 	 {}
}

@InProceedings{COHN93,
  author = 	 {D. A. Cohn},
  title = 	 {Neural Network Exploration Using Optimal Experiment Design},
  booktitle = 	 {Advances in Neural Information Processing Systems},
  year = 	 1993
}

@Article{Wiskott03,
  author =       "L. Wiskott",
  year =         2003,
  title =        "Slow Feature Analysis: a Theoretical Analysis of Optimal
                 Free Responses",
  journal =      "Neural Computation",
  OPTmonth =        sep,
  volume =       15,
  number =       9,
  pages =        "2147--2177", 
}


@Article{Wiskott02,
  author =       "L. Wiskott and T. Sejnowski",
  year =         "2002",
  title =        "Slow Feature Analysis: unsupervised Learning of Invariances",
  journal =      "Neural Computation",
  volume =       "14",
  number =       "4",
  pages =        "715--770"
}

@InProceedings{STOR95,
  author = 	 {J. Storck and S. Hochreiter  and J. Schmidhuber},
  title = 	 {Reinforcement Driven Information Acquisition in Non-Deterministic Environments},
  booktitle = 	 {ICANN},
  OPTcrossref =  {},
  OPTkey = 	 {},
  OPTpages = 	 {},
  year = 	 {1995},
  OPTeditor = 	 {},
  OPTvolume = 	 {},
  OPTnumber = 	 {},
  OPTseries = 	 {},
  OPTaddress = 	 {},
  OPTmonth = 	 {},
  OPTorganization = {},
  OPTpublisher = {},
  OPTnote = 	 {},
  OPTannote = 	 {}
}

@InProceedings{THRUN92,
  author = 	 {S. Thrun and K. M\"uller},
  title = 	 {Active exploration in dynamic environments},
  booktitle = 	 {Advances in Neural Information Processing Systems},
  OPTcrossref =  {},
  OPTkey = 	 {},
  OPTpages = 	 {},
  year = 	 {1992},
  OPTeditor = 	 {},
  OPTvolume = 	 {},
  OPTnumber = 	 {},
  OPTseries = 	 {},
  OPTaddress = 	 {},
  OPTmonth = 	 {},
  OPTorganization = {},
  OPTpublisher = {},
  OPTnote = 	 {},
  OPTannote = 	 {}
}

@Article{Brafman02,
  author = 	 {Ronen I. Brafman and Moshe Tennenholtz},
  title = 	 {{R-MAX}- A General Polynomial Time Algorithm 
  	for Near-Optimal Reinforcement Learning},
  journal = 	 {Journal of Machine Learning Research},
  year = 	 {2002},
  volume = 	 {3},
  pages = 	 {213--231}
}

Machine Learning, 49, 209–232, 2002	
@Article{Kearns02,
  author = 	 {Micheal Kearns and Satinder Singh},
  title = 	 {Near-optimal reinforcement learning in polynomial time},
  journal =  {Machine Learning},
  pages = 	 {209--232},
  year = 	 {2002},
  volume = 	 {49}
}

@Book{KAEL93,
  author = 	 {L. P. Kaelbling},
  ALTeditor = 	 {},
  title = 	 {Learning in Embedded Systems},
  publisher = 	 {The MIT Press},
  year = 	 {1993},
  OPTkey = 	 {},
  OPTvolume = 	 {},
  OPTnumber = 	 {},
  OPTseries = 	 {},
  OPTaddress = 	 {},
  OPTedition = 	 {},
  OPTmonth = 	 {},
  OPTnote = 	 {},
  OPTannote = 	 {}
}

@Article{Kaelbling96,
  author = 	 {L. P. Kaelbling and M. L. Littman and A. W. Moore},
  title = 	 {Reinforcement Learning: a survey.},
  journal = 	 {Journal of Artificial Intelligence Research},
  year = 	 {1996},
  OPTkey = 	 {},
  volume = 	 {4},
  OPTnumber = 	 {},
  pages = 	 {237--285},
  OPTmonth = 	 {},
  OPTnote = 	 {},
  OPTannote = 	 {}
}

@Book{LEHM98,
  author = 	 {Erich Leo Lehmann and George Casella},
  ALTeditor = 	 {},
  title = 	 {Theory of Point Estimation},
  publisher = 	 {Springer Texts in Statistics},
  year = 	 {1998},
  OPTkey = 	 {},
  OPTvolume = 	 {},
  OPTnumber = 	 {},
  OPTseries = 	 {},
  OPTaddress = 	 {},
  OPTedition = 	 {},
  OPTmonth = 	 {},
  OPTnote = 	 {},
  OPTannote = 	 {}
}

@Book{KEND91,
  author = 	 {Stuart and Ord},
  ALTeditor = 	 {},
  title = 	 {Kendall's Advanced Theory of Statistics},
  publisher = 	 {Edward Arnold},
  year = 	 {1991},
  OPTkey = 	 {},
  OPTvolume = 	 {},
  OPTnumber = 	 {},
  OPTseries = 	 {},
  OPTaddress = 	 {},
  edition = 	 {Fifth},
  OPTmonth = 	 {},
  OPTnote = 	 {},
  OPTannote = 	 {}
}

@Book{VAP98,
  author = 	 {Vladimir Vapnik},
  ALTeditor = 	 {},
  title = 	 {Statistical Learning Theory},
  publisher = 	 {Wiley, NY},
  year = 	 {1998},
  OPTkey = 	 {},
  OPTvolume = 	 {},
  OPTnumber = 	 {},
  OPTseries = 	 {},
  OPTaddress = 	 {},
  OPTedition = 	 {},
  OPTmonth = 	 {},
  OPTnote = 	 {},
  OPTannote = 	 {}
}

@Article{SUTT88,
  author = 	 {R. S. Sutton},
  title = 	 {Learning to predict by the methods of temporal differences},
  journal =  {Machine Learning},
  year = 	   {1988},
  volume = 	 {3},
  pages = 	 {9--44}
}

@Article{JAAK94,
  author = 	 {Tommi Jaakkola and Michael I. Jordan and Satinder P. Singh},
  title = 	 {On the Convergence of Stochastic Iterative Dynamic Programming Algorithms},
  journal = 	 {Neural Computation},
  year = 	 {1994},
  OPTkey = 	 {},
  OPTvolume = 	 {},
  OPTnumber = 	 {},
  OPTpages = 	 {},
  OPTmonth = 	 {},
  OPTnote = 	 {},
  OPTannote = 	 {}
}

@Article{McDi89,
  author = 	 {C. McDiarmid},
  title = 	 {On the method of bounded differences},
  journal = 	 {Surveys in Combinatorics 1989},
  year = 	 {1989},
  OPTkey = 	 {},
  OPTvolume = 	 {},
  OPTnumber = 	 {},
  pages = 	 {148-188},
  OPTmonth = 	 {},
  OPTnote = 	 {},
  OPTannote = 	 {}
}

@Article{ROBB51,
  author = 	 {H. Robbins and S. Monro},
  title = 	 {A stochastic approximation model},
  journal = 	 {Annals of Mathematical Statistics},
  year = 	 {1951},
  OPTkey = 	 {},
  volume = 	 {22},
  OPTnumber = 	 {},
  pages = 	 {400-407},
  OPTmonth = 	 {},
  OPTnote = 	 {},
  OPTannote = 	 {}
}

@Article{TESA94,
  author = 	 {G. J. Tesauro},
  title = 	 {TD-gammon, a self-teaching backgammon program, achieves master-level play},
  journal = 	 {Neural Computation},
  year = 	 1994,
  volume = 	 6
}

@Article{Watkins92,
  author = 	 {C. Watkins and P. Dayan},
  title = 	 {Q-learning},
  journal = 	 {Machine Learning},
  year = 	 {1992},
  OPTkey = 	 {},
  volume = 	 {8},
  OPTnumber = 	 {},
  pages = 	 {279--292},
  OPTmonth = 	 {},
  OPTnote = 	 {},
  OPTannote = 	 {}
}

@Book{RAO73,
  author = 	 {Rhadhakrishna C. Rao},
  ALTeditor = 	 {},
  title = 	 {Linear Statistical Inference and Its Applications},
  publisher = 	 {John Wiley \& Sons:London},
  year = 	 {1973},
  OPTkey = 	 {},
  OPTvolume = 	 {},
  OPTnumber = 	 {},
  OPTseries = 	 {},
  OPTaddress = 	 {},
  OPTedition = 	 {},
  OPTmonth = 	 {},
  OPTnote = 	 {},
  OPTannote = 	 {}
}

@Article{SING98,
  author = 	 {Satinder Singh and Peter Dayan},
  title = 	 {Analytical Mean Squared Error Curves for Temporal Difference Learning},
  journal = 	 {Machine Learning},
  year = 	 {1998},
  OPTkey = 	 {},
  volume = 	 {32},
  OPTnumber = 	 {},
  OPTpages = 	 {},
  OPTmonth = 	 {},
  OPTnote = 	 {},
  OPTannote = 	 {}
}

@PhdThesis{BOY98,
  author = 	 {J. Boyan},
  title = 	 {Learning Evaluation Functions for Global Optimization},
  school = 	 {School of Computer Science Carnegie Mellon University},
  year = 	 {1998},
  OPTkey = 	 {},
  OPTtype = 	 {},
  OPTaddress = 	 {},
  OPTmonth = 	 {},
  OPTnote = 	 {},
  OPTannote = 	 {}
}

@InProceedings{KEAR00,
  author = 	 {M. Kearns and S. Singh},
  title = 	 {Bias-Variance Error Bounds for Temporal Difference Updates},
  booktitle = 	 {Conference on Computational Learning Theory},
  year =	 {2000},
  OPTeditor = 	 {},
  OPTvolume = 	 {},
  OPTnumber = 	 {},
  OPTseries = 	 {},
  OPTaddress = 	 {},
  OPTmonth = 	 {},
  OPTorganization = {},
  OPTpublisher = {},
  OPTnote = 	 {},
  OPTannote = 	 {}
}

@InProceedings{BOY99,
  author = 	 {J. Boyan},
  title = 	 {Least-squares temporal difference learning},
  booktitle = 	 {International Conference Machine Learning},
  OPTcrossref =  {},
  OPTkey = 	 {},
  OPTpages = 	 {},
  year = 	 {1999},
  OPTeditor = 	 {},
  OPTvolume = 	 {},
  OPTnumber = 	 {},
  OPTseries = 	 {},
  OPTaddress = 	 {},
  OPTmonth = 	 {},
  OPTorganization = {},
  OPTpublisher = {},
  OPTnote = 	 {},
  OPTannote = 	 {}
}

@Article{Bradtke96,
  author = 	 {S. J. Bradtke and A. G. Barto},
  title = 	 {Linear least-squares algorithms for temporal difference learning},
  journal = 	 {Machine Learning},
  year = 	 {1996},
  volume = 	 {22},
  number = 	 {1/2/3},
  pages = 	 {33--57},
  OPTmonth = 	 {},
  OPTnote = 	 {},
  OPTannote = 	 {}
}

@InProceedings{MAN04,
  author = 	 {Shie Mannor and Duncan Simester and Peng Sun and John N. Tsitsiklis},
  title = 	 {Bias and Variance in Value Function Estimation},
  booktitle = 	 {International Conference Machine Learning},
  year = 	 2004
}

@Article{WEISS00,
  author = 	 {Y. Weiss},
  title = 	 {Correctness of local probability propagation in graphical models with loops},
  journal = 	 {Neural Computation},
  year = 	 {2000},
  OPTkey = 	 {},
  OPTvolume = 	 {},
  OPTnumber = 	 {},
  OPTpages = 	 {},
  OPTmonth = 	 {},
  OPTnote = 	 {},
  OPTannote = 	 {}
}

@InProceedings{Abbeel04a,
  author 		= {P. Abbeel and A.Y. Ng},
  title			= {Learning first-order Markov models for control},
  booktitle = {Advances in Neural Information Processing Systems},
  year 	= 	 {2004},
}


@Book{BAUER95,
  author = 	 {Heinz Bauer and Robert B. Burckel},
  ALTeditor = 	 {},
  title = 	 {Probability Theory},
  publisher = 	 {Walter de Gruyter},
  year = 	 {1995},
  OPTkey = 	 {},
  OPTvolume = 	 {},
  OPTnumber = 	 {},
  OPTseries = 	 {},
  OPTaddress = 	 {},
  OPTedition = 	 {},
  OPTmonth = 	 {},
  OPTnote = 	 {},
  OPTannote = 	 {}
}

@Book{BAUER01,
  author = 	 {Heinz Bauer and Robert B. Burckel},
  ALTeditor = 	 {},
  title = 	 {Measure and Integration Theory},
  publisher = 	 {Walter de Gruyter},
  year = 	 {2001},
  OPTkey = 	 {},
  OPTvolume = 	 {},
  OPTnumber = 	 {},
  OPTseries = 	 {},
  OPTaddress = 	 {},
  OPTedition = 	 {},
  OPTmonth = 	 {},
  OPTnote = 	 {},
  OPTannote = 	 {}
}


@Article{MARC99,
  author = 	 {Ewa Marciniak and Jacek Wesolowski},
  title = 	 {Asymptotic Eulerian Expansions for Binomial and Negative Binomial Reciprocals},
  journal = 	 {Proceedings of the American Mathematical Society},
  year = 	 {1999},
  OPTkey = 	 {},
  volume = 	 {127},
  number = 	 {11},
  pages = 	 {3329-3338},
  month = 	 {May},
  OPTnote = 	 {},
  OPTannote = 	 {}
}

@Article{SING96,
  author = 	 {Satinder Singh and Richard Sutton},
  title = 	 {Reinforcement Learning with Replacing Eligibility Traces},
  journal = 	 {Machine Learning},
  year = 	 {1996},
  OPTkey = 	 {},
  volume = 	 {22},
  number = 	 {1},
  pages = 	 {123-158},
  OPTmonth = 	 {},
  OPTnote = 	 {},
  OPTannote = 	 {}
}

@Book{Sutton98,
  author = 	 {Richard S. Sutton and Andrew G. Barto},
  title = 	 {Reinforcement Learning: An Introduction},
  publisher = 	 {MIT Press},
  year = 	 {1998},
  OPTkey = 	 {},
  OPTvolume = 	 {},
  OPTnumber = 	 {},
  OPTseries = 	 {},
  OPTaddress = 	 {},
  OPTedition = 	 {},
  OPTmonth = 	 {},
  OPTnote = 	 {},
  OPTannote = 	 {}
}

@Book{KAY93,
  author = 	 {Steven M. Kay},
  ALTeditor = 	 {},
  title = 	 {Fundamentals of Statistical Signal Processing: Estimation Theory},
  publisher = 	 {Prentice Hall International, Inc.},
  year = 	 {1993},
  OPTkey = 	 {},
  OPTvolume = 	 {},
  OPTnumber = 	 {},
  OPTseries = 	 {},
  OPTaddress = 	 {},
  OPTedition = 	 {},
  OPTmonth = 	 {},
  OPTnote = 	 {},
  OPTannote = 	 {}
}



@Article{EINH05,
  author = 	 {W. Einh\"auser and J. Hipp and J. Eggert and E. K\"orner and P. K\"onig},
  title = 	 {Learning viewpoint invariant object representations using temporal coherence principle},
  journal = 	 {Biological Cybernetics},
  year = 	 {2005},
  volume = {93},
  number = {1},
  pages = {79--90}
}

@Article{WYSS06,
  author = 	 {R. Wyss and P. K\"onig and P.F.M.J. Verschure},
  title = 	 {A Model of the Ventral Visual System Based on Temporal Stability and Local Memory},
  journal = 	 {PLoS Biology},
  year = 	 {2006}, 
  volume = 	 {4},
  number = 	 {5},
  pages = 	 {e120},
  OPTdoi = 	 {10.1371/journal.pbio.0040120}
}

@Article{Mahadevan07,
  author = 	 {S. Mahadevan and M. Maggioni},
  title = 	 {Proto-value Functions: a {L}aplacian Framework for Learning 
				Representations and Control in {M}arkov Decision Processes},
  journal =  {Journal of Machine Learning Research},
  year = 	 {2007},
  volume = 	 {8},
  pages = 	 {2169--2231}
}

@Article{Berkes05a,
  author = 	 {P. Berkes and L. Wiskott},
  title = 	 {Slow feature analysis yields a rich repertoire of complex cell properties},
  journal = 	 {Journal of Vision},
  year = 	 {2005},
  volume = 	 {5},
  pages = 	 {579--602},
  OPTmonth = 	 {},
  OPTnote = 	 {},
  OPTannote = 	 {}
}

@InProceedings{Lowe99,
  author = 	 {D. G. Lowe},
  title = 	 {Object recognition from local scale-invariant features},
  booktitle ={International Conference on Computer Vision},
  year = 	 {1999},
  OPTpages = {1150-1157}
}

@InProceedings{Johns07,
  author = 	 {J. Johns and S. Mahadevan},
  title = 	 {Constructing basis functions from directed graphs for value function approximation},
  booktitle ={International Conference on Machine Learning},
  year = 	 {2007},
  OPTpages = {385-392}
}

@InProceedings{Bush09,
  author = 	 {K. Bush and J. Pineau and M. Avoli},
  title = 	 {Manifold Embeddings for Model-Based Reinforcement Learning of Neurostimulation Policies},
  booktitle ={ICML/UAI/COLT Workshop on Abstraction in Reinforcement Learning},
  year = 	 {2009}
}

@Article{Takens81,
    author   = {Floris Takens},
    title    = {Detecting strange attractors in turbulence},
    journal  = {Dynamical Systems and Turbulence},
    year     = {1981},
	OPTpages = {366-381}
}

@TechReport{Huke06,
  author = 	 {J. P. Huke},
  title = 	 {Embedding Nonlinear Dynamical Systems: A Guide to Takens' Theorem},
  institution =  {University of Manchester},
  year = 	 {2006}
}

@Article{Konda03,
    author   = {Vijay R. Konda and John N. Tsitsiklis},
    title    = {On Actor-Critic Algorithms},
    journal  = {SIAM Journal on Control and Optimization},
    year     = {2003},
	OPTvolume= {42},
	OPTnumber= {4},
	OPTpages = {1143-1166}
}

@Book{Meyn93,
  author = 	 {S.P. Meyn and R.L. Tweedie},
  title = 	 {Markov chains and stochastic stability},
  publisher = {Springer-Verlag, London},
  year = 	 {1993}
}

@Article{Fukumizu07,
    author   = {K. Fukumizu and F.R. Bach and A. Gretton},
    title    = {Statistical consistency of kernel canonical correlation analysis},
    journal  = {Journal of Machine Learning Research},
    year     = {2007},
		volume= {8},
		pages = {361-383}
}

@Article{Stone01,
    author   = {J.V. Stone},
    title    = {Blind source separation using temporal predictability},
    journal  = {Neural Computation},
    year     = {2001},
		volume	 = {13},
		number   = {7},
		pages 	 = {1559-1574}
}

@Book{Wahba90,
  author = 	 {G. Wahba},
  ALTeditor = 	 {},
  title = 	 {Spline Models for Observational Data},
  publisher = 	 { Society for Industrial and Applied Mathematics},
  year = 	 {1990},
  OPTkey = 	 {},
  OPTvolume = 	 {},
  OPTnumber = 	 {},
  OPTseries = 	 {},
  OPTaddress = 	 {},
  OPTedition = 	 {},
  OPTmonth = 	 {},
  OPTnote = 	 {},
  OPTannote = 	 {}
}

@ARTICLE{Steinwart05,
    author = {I. Steinwart and D. Hush and C. Scovel},
    title = {An explicit description of the reproducing kernel 
    				 Hilbert spaces of {G}aussian {RBF} kernels},
    journal = {IEEE Trans. Inform. Theory},
    year = 2005
}
@InProceedings{Sprague09,
  author = 	 {N. Sprague},
  title = 	 {Predictive Projections},
  booktitle = {International Joint Conference on Artificial Intelligence},
  pages = 	 {1223-1229},
  year = 	 {2009}
}

@Book{Bertsekas07,
  author = 	 {D. P. Bertsekas},
  title = 	 {Dynamic Programming and Optimal Control},
  publisher ={Athena Scientific},
  year = 	 	 {2007},
  volume = 	 {2},
	edition =  {3rd}
}

@Book{Davies07,
  author = 	 {E. Brian Davies},
  title = 	 {Linear Operators and their Spectra},
  publisher = {Cambridge University Press},
  year = 	 {2007}
}

@Article{Jensen07,
    author   = {S. T. Jensen and A. Rahbek},
    title    = {On the Law of Large Numbers for 
    						(Geometrically) Ergodic {M}arkov Chains},
    journal  = {Economic Theory},
    year     = {2007},
		volume	 = {23},
		pages 	 = {761-766}
}

@InProceedings{Koller00,
  author = 	 {D. Koller and R. Parr},
  title = 	 {Policy Iteration for Factored {MDP}s},
  booktitle = {Uncertainty in Artificial Intelligence},
  pages = 	 {326-334},
  year = 	 {2000}
}

@Book{Boyd04,
  author = 	 {S. Boyd and L. Vandenberghe},
  title = 	 {Convex Optimization},
  publisher = {Cambridge University Press},
  year = 	 {2004}
}

@Book{Holden10,
  author = 	 {H. Holden and B. $\O$ksendal and J. Ub$\o$e and T. Zhang},
  title = 	 {Stochastic Partial Differential Equations},
  publisher =  {Springer Science+Business Media},
  year = 	 {2010},
	edition = {2nd}
}

@Article{Chung05,
    author = {F. Chung},
    title = {{L}aplacians and the {C}heeger Inequality for Directed Graphs},
    journal = {Annals of Combinatorics},
    year = {2005},
    volume = {9},
    pages = {1--19}
}
@Article{Jodonge07,
    author = {S. Jodogne and J.~H. Piater},
    title = {Closed-Loop Learning of Visual Control Policies},
    journal = {Journal of Artificial Intelligence Research},
    year = {2007},
    volume = {28},
    pages = {349--391}
}

@InProceedings{Lange10,
  author 		= {S. Lange and M. Riedmiller},
  title 		= {Deep Auto-Encoder Neural Networks in Reinforcement Learning},
	booktitle = {International Joint Conference on Neural Networks},
  pages     = {1--8},
  year 			= {2010}
}

@Article{Hinton06,
    author 	= {G. E. Hinton and S. Osindero},
    title 	= {A fast learning algorithm for deep belief nets},
    journal = {Neural Computation},
    year 		= {2006},
    volume 	= {18},
    pages 	= {1527--1554}
}

@InProceedings{Boehmer11,
  author 		= {Wendelin B\"ohmer and Steffen Gr\"unew\"alder 
  					and Hannes Nickisch and Klaus Obermayer},
  title 		= {Regularized Sparse Kernel Slow Feature Analysis},
  booktitle = {Machine Learning and Knowledge Discovery in Databases},
	volume 		= {I},
	OPTpublisher = {Springer-Verlag Berlin Heidelberg},
  pages 		= {235--248},
	series    = {LNAI 6911},
  year 			= {2011}
}

@Article{Boehmer12,
  author 		= {Wendelin B\"ohmer and Steffen Gr\"unew\"alder 
  					and Hannes Nickisch and Klaus Obermayer},
  title 		= {Generating Feature Spaces for Linear Algorithms 
  							with Regularized Sparse Kernel Slow Feature Analysis},
  journal 	= {Machine Learning},
	publisher = {Springer US},
  pages  		= {67--86},
	volume 		= {89},
	number 		= {1-2},
	OPTdoi 		= {10.1007/s10994-012-5300-0},
  year 			= {2012}
}

@Article{Boehmer13a,
	author 		= { Wendelin B\"ohmer and Steffen Gr\"unew\"alder and Yun Shen 
					 and Marek Musial and Klaus Obermayer},
	title 		= {Construction of Approximation Spaces for Reinforcement Learning},
	journal 	= {Journal of Machine Learning Research},
	volume 		= {14},
	month 		= {July},
	pages 		= {2067--2118},
	year		= {2013}
}

@MISC{Boehmer13b,
  url = {http://autonomous-learning.org/wp-content/uploads/13-ALW/paper\_1.pdf},
  author = {Wendelin B\"ohmer and Klaus Obermayer},
  title = {Towards Structural Generalization: Factored Approximate Planning},
  year = {2013},
  howpublished = {ICRA Workshop on Autonomous Learning}
}

﻿@article{Boehmer15a,
	title 	= {Autonomous Learning of State Representations for Control: 
				An Emerging Field Aims to Autonomously Learn State 
				Representations for Reinforcement Learning Agents 
				from Their Real-World Sensor Observations},
	author = {B\"ohmer, Wendelin and Springenberg, Jost Tobias and Boedecker, 
				Joschka and Riedmiller, Martin and Obermayer, Klaus},
	pages = {1--10},
	note 	= {In print},
	year = {2015},
	OPTissn = {0933-1875},
	Doi = {10.1007/s13218-015-0356-1},
	Journal = {KI - K\"unstliche Intelligenz},
	Publisher = {Springer Berlin Heidelberg},
	Url = {http://www.redaktion.tu-berlin.de/fileadmin/fg215/articles/boehmer15b.pdf}
}

@incollection{Boehmer15b,
	year		= {2015},
	OPTisbn		= {978-3-319-23527-1},
	booktitle	= {Machine Learning and Knowledge Discovery in Databases},
	volume		= {9284},
	series		= {Lecture Notes in Computer Science},
	title		= {Regression with Linear Factored Functions},
	publisher	= {Springer International Publishing},
	author		= {B\"ohmer, Wendelin and Obermayer, Klaus},
	pages		= {119-134}
}


@InProceedings{Thrun93,
	author    = {S. Thrun and A. Schwartz},
	title     = {Issues in Using Function Approximation for Reinforcement Learning},
	booktitle = {Proceedings of the Fourth Connectionist Models Summer School},
	year      = {1993}
}

@inproceedings{Gordon95,
   author = "G. Gordon",
   title = "Stable Function Approximation in Dynamic Programming",
   booktitle = "International Conference on Machine Learning",
   year = "1995",
} 

@Article{Belkin03,
	author = {M. Belkin and P. Niyogi},
	title = {{L}aplacian Eigenmaps for Dimensionality Reduction and Data Representation},
	journal = {Neural Computation},
	volume = {15},
	number = {6},
	year = {2003},
	OPTissn = {0899-7667},
	pages = {1373--1396},
	OPTpublisher = {MIT Press},
	OPTaddress = {Cambridge, MA, USA}
} 

@Article{Sprekeler11,
	author = {H. Sprekeler},
	title = {On the Relationship of Slow Feature Analysis and {L}aplacian Eigenmaps},
	journal = {Neural Computation},
	volume = {23},
	number = {12},
	year = {2011},
	pages = {3287--3302}
} 

@InProceedings{Ferguson06,
    author 		= {K. Ferguson and S. Mahadevan},
    title 		= {Proto-transfer learning in {M}arkov decision processes using spectral methods},
    booktitle = {ICML Workshop on Transfer Learning},
    year 			= {2006}
}

@InProceedings{Ferrante08,
    author 		= {E. Ferrante and A. Lazaric and M. Restelli},
    title 		= {Transfer of Task Representation in Reinforcement Learning 
									using Policy-based Proto-value Functions},
		booktitle = {International Joint Conference on Autonomous Agents and Multiagent Systems},
    year 			= {2008}
}

@Article{Taylor09,
	author 		= {M. E. Taylor and P. Stone},
	title 		= {Transfer Learning for Reinforcement Learning Domains: A Survey},
	journal 	= {Journal of Machine Learning Research},
	year 			= {2009},
	volume  	= {10},
	pages 		= {1633--1685}
}

@Misc{Rozinas10,
	author 		= {M. G. Rozinas},
	title			= {Metric on state space of Markov chain},
	archivePrefix = {arXiv},
	eprint		= {1004.4264v1},
	priomaryClass = {math.PR},
	year 			= {2010}
}

@Article{Gruenewaelder11,
  author 	= {S. Gr\"unew\"alder and K. Obermayer},
  title 	= {The Optimal Unbiased Value Estimator and its Relation to {LSTD}, {TD} and {MC}},
  journal = {Machine Learning},
  year 		= {2011},
	volume	= {83},
	pages 	= {289--330},
	OPTdoi	= {10.1007/s10994-010-5220-9}
}

@Article{Coifman05,
  author 	= {R. Coifman and S. Lafon and A. Lee and M. Maggioni 
					 	 and B. Nadler and F. Warner and S. Zucker},
  title		= {Geometric diffusions as a tool for harmonic analysis 
						 and structure definition of data. {P}art {I}: diffusion maps},
  journal = {Proceedings of the National Academy of Science},
  year 		= {2005},
  volume 	= {102},
  number 	= {21},
  pages 	= {7426 -- 7431},
  month 	= {May}
}

@Article{Pearson01,
    author   = {K. Pearson},
    title    = {On lines and planes of closest fit to systems of points in space},
    journal  = {Philosophical Magazine Series 6},
    year     = {1901},
		volume	 = {2},
		number	 = {11},
		pages 	 = {559 -- 572}
}

@InProceedings{Koller99,
    author = {D. Koller and R. Parr},
    title = {Computing factored value functions for policies in structured {MDPs}},
    booktitle = {International Joint Conference on Artificial Intelligence},
    year = {1999},
    pages = {1332--1339},
    OPTpublisher = {Morgan Kaufmann}
}

@InProceedings{Hauskrecht03,
    author = {M. Hauskrecht and B. Kveton},
    title = {Linear Program Approximations for Factored Continuous-State {Markov} Decision Processes},
    booktitle = {Advances in Neural Information Processing Systems},
    year = {2003},
    pages = {895--902}
}

@InProceedings{Guestrin01,
    author = {C. Guestrin and D. Koller and R. Parr},
    title = {Max-norm Projections for Factored {MDP}s},
    booktitle = {International Joint Conference on Artificial Intelligence},
    year = {2001},
    pages = {673--682}
}

@InProceedings{Guestrin01b,
    author = {Guestrin, Carlos and Koller, Daphne and Parr, Ronald},
    booktitle = {Advances in Neural Information Processing Systems 14},
    title = {Multiagent Planning with Factored {MDP}s},
    pages = {1523-1530},
    year = {2001}
}

@InProceedings{Guestrin04,
    author = {C. Guestrin and M. Hauskrecht and B. Kveton},
    title = {Solving Factored {MDPs} with Continuous and Discrete Variables},
    booktitle = {Uncertainty in Artificial Intelligence},
    year = {2004},
    pages = {235--242}
}



@Book{Haykin98,
  author 		= {S. Haykin},
  title		 	= {Neural Networks: A Comprehensive Foundation},
  publisher = {Prentice Hall},
  year 			= {1998},
	edition 	= {2nd},
	isbn 			= {978-0132733502}
}

@Article{BoehmerDiploma,
  author = {Wendelin B{\"o}hmer},
  title = "{Robot Navigation using Reinforcement Learning and Slow Feature Analysis}",
  journal = {ArXiv e-prints},
	archivePrefix = "arXiv",
  eprint = {1205.0986},
 	primaryClass = "cs.AI",
 	keywords = {Computer Science - Artificial Intelligence, Computer Science - Neural and Evolutionary Computing},
  year = 2012,
  month = may,
  adsurl = {http://adsabs.harvard.edu/abs/2012arXiv1205.0986B},
  adsnote = {Provided by the SAO/NASA Astrophysics Data System}
}

@Article{Mallat93,
  author = 	 {S. Mallat and Z. Zhang},
  title = 	 {Matching pursuits with time-frequency dictionaries},
  journal = 	 {IEEE Transactions On Signal Processing},
  year = 	 {1993},
  volume = 	 {41},
  OPTnumber = 	 {},
  pages = 	 {3397-3415}
}

@InProceedings{Petrik07,
	author 		= {M. Petrik},
	title		= {An analysis of {L}aplacian methods 
					for value function approximation in {MDP}s},
	booktitle 	= {International Joint Conference on Artificial Intelligence}, 
	pages 		= {2574--2579},
	year		= {2007}
}

@InProceedings{Mahadevan10,
	author 		= {S. Mahadevan and B. Liu},
	title 		= {Basis Construction from Power Series Expansions of Value Functions},
  booktitle = {Advances in Neutral Information Processing Systems}, 
	pages 		= {1540--1548},
	year 			= {2010}
}

@InProceedings{Sun11,
	author 		= {Y. Sun and F. Gomez and M. Ring and J. Schmidhuber},	
	title			= {Incremental basis construction from temporal difference error},
	booktitle	= {International Conference on Machine Learning},
	pages			= {481--488}, 
	year			= {2011}
}

@InProceedings{Luciw12,
	author 		= {M. Luciw and J. Schmidhuber},
 	title 		= {Low complexity proto-value function learning from 
 							 sensory observations with incremental slow feature analysis},
	booktitle = {International Conference on Artificial Neural Networks and Machine Learning},
	volume 		= {III},
	year 			= {2012},
	pages 		= {279--287},
	numpages 	= {9},
	publisher = {Springer-Verlag},
	keywords 	= {biologically inspired reinforcement learning, 
							 incremental slow feature analysis, proto-value functions},
} 

@Book{Schoelkopf01,
	author 		= {B. Sch\"olkopf and A. J. Smola},
	title 		= {Learning with Kernels},
	publisher	= {MIT Press}, 
	year 			= {2001},
	ISBN 			= {978-0262194754}
}

@Article{Csato02,
	Author = {L. Csat\'{o} and M. Opper},
	Title = {Sparse On-Line {G}aussian Processes},
	Journal = {Neural Computation},
	Year = {2002},
	Volume = {14},
	Number = {3},
	Pages = {641--668}
}

@InProceedings{Smola00,
  author = 	 {A.J. Smola and B. Sch\"olkopf},
  title = 	 {Sparse Greedy Matrix Approximation for Machine Learning},
  booktitle = 	 {Proceedings to the 17th International Conference Machine Learning},
  year = 	 {2000},
  pages = 	 {911-918}
}

@Article{Tsitsiklis97,
	author		= {J.N. Tsitsiklis and B. {Van Roy}},
	journal		= {IEEE Transactions on Automatic Control}, 
	title			= {An analysis of temporal-difference learning with function approximation},
	year			= {1997},
	volume		=	{42},
	number		= {5},
	pages			= {674--690}
}

@InProceedings{Snel10,
	author 		= {M. Snel and S. Whiteson},
	title 		= {Multi-task evolutionary shaping without pre-specified representations},
	booktitle = {Proceedings of the 12th annual conference on Genetic and evolutionary computation},
	OPTseries = {GECCO '10},
	year 			= {2010},
 	OPTisbn 	= {978-1-4503-0072-8},
 	OPTlocation = {Portland, Oregon, USA},
 	pages 		= {1031--1038},
 	OPTdoi 		= {10.1145/1830483.1830671},
 	OPTacmid 	= {1830671},
	OPTpublisher = {ACM},
	OPTaddress = {New York, NY, USA},
	OPTkeywords = {feature selection, genetic algorithms, reinforcement learning, shaping},
} 

@InProceedings{Snel11,
  author    = {M. Snel and S. Whiteson},
  title     = {Multi-Task Reinforcement Learning: Shaping and Feature Selection},
  booktitle = {European Workshop on Reinforcement Learning},
  year      = {2011},
  pages     = {237--248}
}

@Article{Mehta08,
	author		=	{N. Mehta and S. Natarajan and P. Tadepalli and A. Fern},
	title			= {Transfer in variable-reward hierarchical reinforcement learning},
	journal		=	{Machine Learning},
	volume		= {73},
	issue			= {3},
	pages			= {289--312},
	year			= {2008},
	OPTissn		= {0885-6125},
	OPTdoi		= {10.1007/s10994-008-5061-y},
	OPTpublisher={Springer US}
}

@InProceedings{Abbeel04,
	author 		= {P. Abbeel and A.Y. Ng},
	title 		= {Apprenticeship learning via inverse reinforcement learning},
	booktitle = {Proceedings of the twenty-first international conference on Machine learning},
	year 			= {2004},
	OPTisbn 	= {1-58113-838-5},
	pages 		= {1--8},
	OPTdoi 		= {10.1145/1015330.1015430}
} 

@inproceedings{Klein11,
  author = {Klein, Edouard and Geist, Matthieu and Pietquin, Olivier},
  booktitle = {EWRL},
  OPTeditor = {Sanner, Scott and Hutter, Marcus},
  OPTisbn = {978-3-642-29945-2},
  pages = {285--296},
  publisher = {Springer},
  series = {Lecture Notes in Computer Science},
  title = {Batch, Off-Policy and Model-Free Apprenticeship Learning.},
  volume = 7188,
  year = 2011
}



@InProceedings{Sutton96,
	author 		= {R. S. Sutton},
	title 		= {Generalization in reinforcement learning: 
							successful examples using sparse coarse coding},
	booktitle = {Advances in Neural Information Processing Systems},
	year 			= {1996},
	pages 		= {1038--1044}
}

@InProceedings{Boyan95,
	author 		= {J. A. Boyan and A. W. Moore},
	title 		= {Generalization in reinforcement learning: 
							safely approximating the value function},
	booktitle = {Advances in Neural Information Processing Systems},
	year 			= {1995},
	pages 		= {369--376},
}

@Article{Kompella12,
  author    = {V. R. Kompella and
               M. D. Luciw and
               J. Schmidhuber},
  title     = {Incremental Slow Feature Analysis: adaptive Low-Complexity
               Slow Feature Updating from High-Dimensional Input Streams},
  journal   = {Neural Computation},
  volume    = {24},
  number    = {11},
  year      = {2012},
  pages     = {2994--3024}
}

@inproceedings{Yasuda08,
  author = {Yasuda, Toshiyuki and Ohkura, Kazuhiro},
  booktitle = {International Conference on Simulation of Adaptive Behavior},
  OPTeditor = {Asada, Minoru and Hallam, John C. T. and Meyer, Jean-Arcady and Tani, Jun},
  pages = {250--259},
  OPTseries = {Lecture Notes in Computer Science},
  title = {A Reinforcement Learning Technique with an Adaptive 
  			Action Generator for a Multi-robot System},
  OPTvolume = 5040,
  year = 2008
}

@article{Petrik09,
  author = {Petrik, Marek and Zilberstein, Shlomo},
  journal = {Journalof Artificial Intelligence Research},
  pages = {235--274},
  title = {A Bilinear Programming Approach for Multiagent Planning},
  volume = 35,
  year = 2009
}

@Article{Petrik11,
  author    = {M. Petrik and S. Zilberstein},
  title     = {Robust Approximate Bilinear Programming for Value Function
               Approximation},
  journal   = {Journal of Machine Learning Research},
  volume    = {12},
  year      = {2011},
  pages     = {3027--3063}
}

@article{deFarias03,
 author = {D.P. de Farias and B. Van~Roy},
 title = {The Linear Programming Approach to Approximate Dynamic Programming},
 journal = {Operations Research},
 volume = {51},
 number = {6},
 year = {2003},
 OPTissn = {0030-364X},
 pages = {850--865},
 OPTnumpages = {16}
} 

@Book{Reed80,
	author 		= {M. Reed and B. Simon},
	title 		= {Methods of modern mathematical physics I: functional analysis},
	publisher 	= {Academic Press},
	year 		= {1980},
	isbn 		= {0-12-585050-6}
}

@Misc{Jonschkowski13,
	Title = {Learning Task-Specific State Representations 
			by Maximizing Slowness and Predictability},
	Author = {Rico Jonschkowski and Oliver Brock},
	Booktitle = {Proceedings of the 6th International Workshop 
			on Evolutionary and Reinforcement Learning 
			for Autonomous Robot Systems (ERLARS)},
	Year = {2013},
	Url = {http://www.robotics.tu-berlin.de/fileadmin/fg170/ Publikationen\_pdf/Jonschkowski-13-ERLARS-final.pdf}
}


@InProceedings{Jonschkowski14,
	author 		= {Rico Jonschkowski and Oliver Brock},
	year		= {2014}, 
	title		= {State Representation Learning in Robotics: 
					Using Prior Knowledge about Physical Interaction}, 
	booktitle 	= {In Proceedings of Robotics: Science and Systems}
}

@InProceedings{Lange10,
  author 		= {Sascha Lange and Martin Riedmiller},
  title 		= {Deep Auto-Encoder Neural Networks in Reinforcement Learning},
	booktitle = {Proceedings of the International Joint Conference on Neural Networks},
  year 			= {2010}
}

@InProceedings{Riedmiller12, 
	author		= {Sascha Lange and Martin Riedmiller and Arne Voigtlaender},
	year 		= {2012},
	title		= {Autonomous reinforcement learning on raw visual 
					input data in a real world application},
	booktitle	= {International Joint Conference on Neural Networks, 
					Brisbane, Australia}
}

@Article{Lang10,
	author 	= {Tobias Lang and Marc Toussaint},
	title 	= {Planning with Noisy Probabilistic Relational Rules},
	journal = {Journal of Artificial Intelligence Research},
	volume 	= {39},
	pages 	= {1--49},
	year	= {2010}
}

@Article{Dzeroski01,
	author 	= {Sa{\v s}o D{\v z}eroski and Luc De Raedt and Kurt Drissens},
	title		= {Relational Reinforcement Learning},
	journal = {Machine Learning},
	volume 	= 43,
	pages 	= {7--52},
	year 		= {2001}
}

@Article{Pasula07,
	author 	= {Hanna M. Pasula and Luke S. Zettlemoyer and Leslie Pack Kaelbling},
	title 	= {Learning symbolic models of stochastic domains},
	journal = {Journal of Artificial Intelligence Research},
	year 		= {2007},
	volume	= {29},
	pages 	= {309--352}
}

@inproceedings{Orthey13,
  author = {Orthey, Andreas and Toussaint, Marc and Jetchev, Nikolay},
  title = {Optimizing motion primitives to make symbolic models more predictive.},
  booktitle = {Proceedings of the IEEE International 
  						 Conference on Robotics and Automation},
  pages = {2868--2873},
  year = 2013
}

@InProceedings{Kulick13,
  author    = {Johannes Kulick and
               Marc Toussaint and
               Tobias Lang and
               Manuel Lopes},
  title     = {Active Learning for Teaching a Robot 
  						Grounded Relational Symbols},
  booktitle = {Proceedings of the 23rd International Joint
               Conference on Artificial Intelligence},
  year      = {2013}
}

@InProceedings{Hoefer14,
	author	 	= {Sebastian H\"ofer and Tobias Lang and Oliver Brock},
	year 		= {2014},
	title 		= {Extracting Kinematic Background Knowledge from 
					Interactions Using Task-Sensitive Relational Learning},
	booktitle 	= {Proceedings of the IEEE International Conference 
					on Robotics and Automation}
}

@Misc{Jetchev13,
  url = {http://autonomous-learning.org/wp-content/uploads/13-ALW/paper\_5.pdf},
  author = {Nikolay Jetchev and Tobias Lang and Marc Toussaint},
  title = {Learning Grounded Relational Symbols from 
  				 Continuous Data for Abstract	Reasoning},
  year = {2013},
  howpublished = {ICRA Workshop on Autonomous Learning}
}

@InProceedings{Vien14,
	author		= {N. A. Vien and M. Toussaint},
	year 		= {2014}, 
	title 		= {Model-based relational rl when object 
					existence is partially observable},
	booktitle	= {Proceedings of the 
					international conference on machine learning}
}

@article{Shi00,
 author = {Shi, Jianbo and Malik, Jitendra},
 title = {Normalized Cuts and Image Segmentation},
 journal = {IEEE Transactions on Pattern Analysis and Machine Intelligence},
 issue_date = {August 2000},
 volume = {22},
 number = {8},
 month = aug,
 year = {2000},
 issn = {0162-8828},
 pages = {888--905},
 numpages = {18},
 OPTurl = {http://dx.doi.org/10.1109/34.868688},
 OPTdoi = {10.1109/34.868688},
 acmid = {351611},
 publisher = {IEEE Computer Society},
 address = {Washington, DC, USA},
 keywords = {Grouping, image segmentation, graph partitioning.},
} 

@INPROCEEDINGS{Riedmiller05,
    author = {Martin Riedmiller},
    title = {Neural fitted {Q}-iteration - first experiences 
    		with a data efficient neural reinforcement learning method},
    booktitle = {16th European Conference on Machine Learning},
    year = {2005},
    pages = {317--328},
    publisher = {Springer}
}

@Article{Giunchiglia92,
	author 		= {Fausto Giunchiglia and Toby Walsh},
	title 		= {A theory of abstraction},
	journal 	= {Artificial Intelligence}, 
	volume 		= {57},
	number 		= {2--3},
	pages 		= {323--390}, 
	year 			= {1992}
}

@InProceedings{Li06,
	author 		= {Lihong Li and Thomas J. Walsh and Michael L. Littman},
	title 		= {Towards a Unified Theory of State Abstraction for MDPs},
  booktitle = {In Proceedings of the Ninth International Symposium 
								on Artificial Intelligence and Mathematics},
	year 			= {2006},
	pages 		= {531--539}
}

@incollection{Mnih13,
  title = {Playing Atari With Deep Reinforcement Learning},
  author = {Volodymyr Mnih and Koray Kavukcuoglu and David Silver 
  			and Alex Graves and Ioannis Antonoglou and Daan Wierstra 
  			and Martin Riedmiller},
  booktitle = {NIPS Deep Learning Workshop},
  year = {2013}
}

@article{Mnih15,
    author = {Mnih, Volodymyr and Kavukcuoglu, Koray and Silver, David 
    		and Rusu, Andrei A. and Veness, Joel and Bellemare, Marc G. 
    		and Graves, Alex and Riedmiller, Martin and Fidjeland, Andreas K. 
    		and Ostrovski, Georg and Petersen, Stig and Beattie, Charles 
    		and Sadik, Amir and Antonoglou, Ioannis and King, Helen 
    		and Kumaran, Dharshan and Wierstra, Daan and Legg, Shane 
    		and Hassabis, Demis},
    OPTday = {26},
    OPTdoi = {10.1038/nature14236},
    OPTissn = {0028-0836},
    journal = {Nature},
    month = feb,
    number = {7540},
    pages = {529--533},
    title = {Human-level control through deep reinforcement learning},
    volume = {518},
    year = {2015}
}

@Article{Silver16,
	title = {Mastering the game of {G}o with deep neural networks and tree search},
	author  = {David Silver and Aja Huang and Christopher J. Maddison 
				and Arthur Guez and Laurent Sifre and George van den Driessche 
				and Julian Schrittwieser and Ioannis Antonoglou 
				and Veda Panneershelvam and Marc Lanctot 
				and Sander Dieleman and Dominik Grewe and John Nham 
				and Nal Kalchbrenner and Ilya Sutskever and Timothy Lillicrap 
				and Madeleine Leach and Koray Kavukcuoglu and Thore Graepel 
				and Demis Hassabis},
	year  = {2016},
	month = jan,
	OPTURL = {http://www.nature.com/nature/journal/v529/n7587/full/nature16961.html},
	journal = {Nature},
	pages = {484--503},
	volume  = {529}
}


@article{Kober_2013,
  author =		 "Kober, J and  Bagnell, D. and  Peters, J.",
  year =		 "2013",
  title =		 "Reinforcement Learning in Robotics: A Survey",
  journal =		 "International Journal of Robotics Research",
  volume = 		 "32",
  number =		 "11",
  pages =		 "1238-1274",
}

@article{GR+09,
  author = {M. Riedmiller and T. Gabel and R. Hafner and S. Lange},
  title = {Reinforcement Learning for Robot Soccer},
  journal = {Autonomous Robots},
  publisher = {Springer},
  volume = {27},
  number = {1},
  pages = {55--74},
  year = {2009},
  file = {GR+09.pdf},
  keywords = {Soccer}
}

@article{SallansH04,
  author = {Sallans, Brian and Hinton, Geoffrey E.},
  journal = {Journal of Machine Learning Research},
  volume = 5,
  pages = {1063-1088},
  title = {Reinforcement Learning with Factored States and Actions.},
  year = 2004
}

@phdthesis{Lin1992,
 author = {Lin, Long-Ji},
 title = {Reinforcement Learning for Robots Using Neural Networks},
 year = {1992},
 journal = {Technical Report},
 OPTpublisher = {Carnegie Mellon University},
 school = {Carnegie Mellon University},
 address = {Pittsburgh, PA, USA}
} 

@article{Tesauro1995,
 author = {Tesauro, Gerald},
 title = {Temporal Difference Learning and TD-Gammon},
 journal = {Commun. ACM},
 issue_date = {March 1995},
 volume = {38},
 number = {3},
 year = {1995},
 pages = {58--68}
} 

@article{Hafner11,
  author = {Hafner, Roland and Riedmiller, Martin},
  title = {Reinforcement learning in feedback control},
  journal = {Machine Learning},
  volume = {27},
  number = {1},
  pages = {55--74},
  year = {2011}
}

@inproceedings{Silver2014,
  author = {David Silver and G. Lever and Nicolas Heess and Thomas Degris and Daan Wierstra and Martin Riedmiller},
  title = {Deterministic Policy Gradient Algorithms},
  booktitle = {The 31st International Conference on Machine Learning (ICML 2014)},
  year = {2014},
}


@inproceedings{Levine2014,
    author = {Sergey Levine and Pieter Abbeel},
    title = {Learning Neural Network Policies with Guided Policy Search under Unknown Dynamics},
    booktitle = {Advances in Neural Information Processing Systems},
    year = {2014},
}

  
@INPROCEEDINGS{Mordatch14, 
    AUTHOR    = {Igor Mordatch AND Emo Todorov}, 
    TITLE     = {Combining the benefits of function approximation and trajectory optimization}, 
    BOOKTITLE = {Proceedings of Robotics: Science and Systems (RSS)}, 
    YEAR      = {2014}
} 
 
@article{Maddison2014,
  title={Move Evaluation in Go Using Deep Convolutional Neural Networks},
  author={Maddison, Chris J and Huang, Aja and Sutskever, Ilya and Silver, David},
  journal={arXiv preprint arXiv:1412.6564},
  year={2014}
}

@InProceedings{Mnih-attention-14,
  title = {Recurrent Models of Visual Attention},
  author = {Volodymyr Mnih and Nicolas Hees and Alex Graves and Koray Kavukcuoglu},
  booktitle = {Advances in Neural Information Processing Systems},
  year = {2014}
}

@article{Hinton06b,
  author = {Hinton, G. E. and Salakhutdinov, R. R.},
  journal = {Science},
  month = Jul,
  number = 5786,
  pages = {504-507},
  title = {Reducing the dimensionality of data with neural networks},
  volume = 313,
  year = 2006
}

@InProceedings{Bengio07,
title = {Greedy Layer-Wise Training of Deep Networks},
author = {Bengio, Yoshua and Pascal Lamblin and Dan Popovici and Larochelle, Hugo},
booktitle = {Advances in Neural Information Processing Systems (NIPS)},
year = {2007},
}

@Article{Bengio09,
 author = {Bengio, Yoshua},
 title = {Learning Deep Architectures for AI},
 journal = {Foundations Trends in Machine Learning},
 volume = {2},
 number = {1},
 year = {2009},
 pages = {1--127}
} 



@article{Vincent2010,
 author = {Vincent, Pascal and Larochelle, Hugo and Lajoie, Isabelle and Bengio, Yoshua and Manzagol, Pierre-Antoine},
 title = {Stacked Denoising Autoencoders: Learning Useful Representations in a Deep Network with a Local Denoising Criterion},
 journal = {J. Mach. Learn. Res. (JMLR)},
 issue_date = {3/1/2010},
 volume = {11},
 year = {2010},
 pages = {3371--3408},
}

@inproceedings{Kingma_ICLR2014,
  author = {Kingma, Diederik P. and Welling, Max},
  booktitle = {ICLR},
  title = {Auto-Encoding Variational Bayes.},
  year = 2014
}

@inproceedings{Rezende_ICML2014,
  title = {Stochastic Backpropagation and Approximate Inference in Deep Generative Models},
  author = {Danilo J. Rezende and Shakir Mohamed and Daan Wierstra},
  booktitle={International Conference on Machine Learning},
  year={2014}
}

@inproceedings{Mattner2012,
  author = {Jan Mattner and Sascha Lange and Martin Riedmiller},
  title = {Learn to Swing Up and Balance a Real Pole Based on Raw Visual Input Data},
  booktitle = {Proceedings of the 19th International Conference on Neural Information Processing (5) (ICONIP 2012)},
  address = {Dohar, Qatar},
  year = {2012},
  pages = {126--133},
  file = {mattner.pdf}
}

@inproceedings{BoulangerLewandowski13,
  added-at = {2013-11-02T00:00:00.000+0100},
  author = {Boulanger-Lewandowski, Nicolas and Bengio, Yoshua and Vincent, Pascal},
  booktitle = {ICASSP},
  title = {High-dimensional sequence transduction.},
  year = 2013
}

@incollection{Michalski2014,
title = {Modeling Deep Temporal Dependencies with Recurrent Grammar Cells""},
author = {Michalski, Vincent and Memisevic, Roland and Konda, Kishore},
booktitle = {Advances in Neural Information Processing Systems 27},
year = {2014},
}

@Book{Bellman57,
	author 	= {Bellman, Richard Ernest},
	title 	= {Dynamic programming},
	publisher = {Princeton University Press}, 
	year 	= {1957}
}

@Article{Boutilier99,
    author = {Craig Boutilier and Thomas Dean and Steve Hanks},
    title = {Decision-Theoretic Planning: Structural Assumptions 
    				 and Computational Leverage},
    journal = {Journal of Artificial Intelligence Research},
    year = {1999},
    volume = {11},
    pages = {1--94}
}

@Article{Maass02,
	author 	= {W. Maass and T. Natschlaeger and H. Markram},
	title 	= {Real-time computing without stable states: 
				A new framework for neural computation based on perturbations},
	journal = {Neural Computation}, 
	volume 	= {14},
	number 	= {11},
	pages 	= {2531--2560}, 
	year	= {2002}
}

@article{Karakovskiy12,
	title = "The {M}ario {AI} Benchmark and Competitions",
	publisher = "institute of electrical and electronics engineers (ieee)",
	author = "Sergey Karakovskiy and Julian Togelius",
	year = "2012",
	volume = "4",
	number = "1",
	pages = "55 -- 67",
	journal = "IEEE Transactions on Computational Intelligence and AI in Games",
	OPTissn = "1943-068X"
}

@Article{Fikes71,
	title = {{STRIPS}: A New Approach to the Application of 
		Theorem Proving to Problem Solving},
	author = {Richard E. Fikes and Nils J. Nilsson},
	journal = {Artificial Intelligence},
	volume = 2,
	number = {2--4},
	pages = {189--208},
	year = {1971}
}

@Book{Pinker02,
	title = {The Blank Slate},
	year = {2002},
	publisher = {Viking},
	organization = {Viking},
	address = {New York},
	author = {Steven Pinker}
}

@Article{Anderson03a,
	title 	= {Embodied Cognition: A field guide},
	author 	= {Michael L. Anderson},
	journal = {Artificial Intelligence},
	volume 	= {149},
	year	= {2003},
	pages 	= {91--130}
}

@Book{Russell09,
 author = {Russell, Stuart and Norvig, Peter},
 title = {Artificial Intelligence: A Modern Approach},
 year = {2009},
 isbn = {0136042597, 9780136042594},
 edition = {3rd},
 publisher = {Prentice Hall Press},
 OPTaddress = {Upper Saddle River, NJ, USA},
} 

@Book{Hsu02,
	author 		= {Hsu, Feng-hsiung},
	year 		= {2002},
	title		= {Behind Deep Blue: Building the Computer that 
					Defeated the World Chess Champion},
	publisher	= {Princeton University Press},
	isbn 		= {0-691-09065-3}
}

@Article{Ferrucci12,
	author = {Ferrucci, David Angelo},
	title = {Introduction to "{T}his is {W}atson"},
 	journal = {IBM Journal of Research and Development},
	volume = {56},
	number = {3},
 	year = {2012},
	issn = {0018-8646},
	pages = {235--249},
	publisher = {IBM Corporation},
	address = {Riverton, NJ, USA}
} 

@Article{Shen13,
	Title = {Risk-sensitive {M}arkov Control Processes},
	Author = {Shen, Yun and Stannat, Wilhelm and Obermayer, Klaus},
	Pages = {3652--3672},
	Year = {2013},
	Journal = {SIAM Journal on Control and Optimization},
	Volume = {51},
	Number = {5}
}

@InProceedings{Coulom06,
  author    = {R{\'{e}}mi Coulom},
  title     = {Efficient Selectivity and Backup Operators in {M}onte-{C}arlo Tree Search},
  booktitle = {5th International Conference of Computers and Games},
  pages     = {72--83},
  year      = {2006}
}

@InProceedings{LaValle00,
    author = {Steven M. La{V}alle and James J. Kuffner},
    title = {Rapidly-Exploring Random Trees: Progress and Prospects},
    booktitle = {Algorithmic and Computational Robotics: New Directions},
    year = {2000},
    pages = {293--308}
}

@Misc{Champandard14,
	author	= {Alex J. Champandard},
	title 	= {{M}onte-{C}arlo Tree Search in 
				{TOTAL WAR: ROME II}'s Campaign {AI}},
	year 	= {2014},
	howpublished = {URL: \url{http://aigamedev.com/open/coverage/mcts-rome-ii}},
	note = {Webpage accessed 2015-05-22}
}

@Misc{BaxterWeb,
	author 	= {{rethink robotics}},
	title	= {The {B}axter industrial robot},
	year 	= {2008},
	howpublished = {URL: \url{http://www.rethinkrobotics.com/baxter}},
	note 	= {Webpage accessed 2015-10-27}
}

@Book{Millington09,
 author = {Millington, Ian and Funge, John},
 title = {Artificial Intelligence for Games, Second Edition},
 year = {2009},
 isbn = {0123747317, 9780123747310},
 edition = {2nd},
 publisher = {Morgan Kaufmann Publishers Inc.},
 address = {San Francisco, CA, USA},
} 

@article{Lee09,
	author = {Lee, Chang-Shing and Wang, Mei-Hui and Chaslot, Guillaume 
				and Hoock, Jean-Baptiste and Rimmel, Arpad 
				and Teytaud, Olivier and Tsai, Shang-Rong 
				and Hsu, Shun-Chin and Hong, Tzung-Pei},
	journal = {IEEE Trans. Comput. Intellig. and AI in Games},
	number = 1,
	pages = {73-89},
	title = {The Computational Intelligence of {M}o{G}o Revealed 
				in {T}aiwan's Computer {G}o Tournaments.},
	volume = 1,
	year = 2009
}

@article{Kim14,
  author    = {Seungsu Kim and
               Ashwini Shukla and
               Aude Billard},
  title     = {Catching Objects in Flight},
  journal   = {{IEEE} Transactions on Robotics},
  volume    = {30},
  number    = {5},
  pages     = {1049--1065},
  year      = {2014}
}

@article{Lukic14,
    author = {Lukic, Luka and Santos-Victor, Jos\'{e} and Billard, Aude},
    OPTdoi = {10.1007/s00422-014-0591-9},
    OPTissn = {1432-0770},
    journal = {Biological Cybernetics},
    month = apr,
    number = {2},
    pages = {223--248},
    OPTpublisher = {Springer Berlin Heidelberg},
    title = {Learning Robotic Eye-Arm-Hand Coordination From 
    		Human Demonstration: A Coupled Dynamical Systems Approach},
    volume = {108},
    year = {2014}
}

@InProceedings{Englert13,
  title={Model-based Imitation Learning by Probabilistic Trajectory Matching},
  author={Englert, Peter and Paraschos, Alexandros and Peters, Jan 
  			and Deisenroth, Marc Peter},
  booktitle={IEEE International Conference on Robotics and Automation},
  year={2013}
}

@Article{Argall09,
	author = {Argall, Brenna D. and Chernova, Sonia and Veloso, Manuela 
				and Browning, Brett},
	title = {A Survey of Robot Learning from Demonstration},
	journal = {Robotics and Autonomous Systems},
	volume = {57},
	number = {5},
	month = may,
	year = {2009},
	OPTissn = {0921-8890},
	pages = {469--483},
	OPTdoi = {10.1016/j.robot.2008.10.024},
	OPTpublisher = {North-Holland Publishing Co.},
	OPTaddress = {Amsterdam, The Netherlands, The Netherlands}
} 

@InCollection{Nehaniv02,
	author = {Nehaniv, Chrystopher L. and Dautenhahn, Kerstin},
 	hapter = {The Correspondence Problem},
	title = {Imitation in Animals and Artifacts},
	editor = {Dautenhahn, Kerstin and Nehaniv, Chrystopher L.},
	year = {2002},
	isbn = {0-262-04203-7},
	pages = {41--61},
	publisher = {MIT Press},
	address = {Cambridge, MA, USA},
} 

@Article{Alissandrakis07,
    author = {Aris Alissandrakis and Chrystopher L. Nehaniv and Kerstin Dautenhahn},
    title = { Correspondence mapping induced state and 
    			action metrics for robotic imitation},
    journal = {IEEE Transactions on systems, man, and cybernetics, part B: cybernetics},
    year = {2007},
    volume = {37},
    number = {2},
    pages = {299--307}
}

@Article{Cully15,
	author = {Cully, A. and Mouret, J.-B.},	
	title = {Evolving a Behavioral Repertoire for a Walking Robot},
	year = {2015},
	pdf = {http://www.isir.upmc.fr/files/2014ACLI3291.pdf},
	pages = {1-33},
	journal = {Evolutionary Computation Journal},
	volume = {1}
}

@article{Rus15,
    author = {Rus, Daniela and Tolley, Michael T.},
    journal = {Nature},
    month = may,
    number = {7553},
    pages = {467--475},
    publisher = {Nature Publishing Group, a division of 
    			Macmillan Publishers Limited. All Rights Reserved.},
    title = {Design, fabrication and control of soft robots},
    volume = {521},
    year = {2015}
}

@article{Floreano15,
    author = {Floreano, Dario and Wood, Robert J.},
    journal = {Nature},
    month = may,
    number = {7553},
    pages = {460--466},
    publisher = {Nature Publishing Group, a division of 
    			Macmillan Publishers Limited. All Rights Reserved.},
    title = {Science, technology and the future of small autonomous drones},
    volume = {521},
    year = {2015}
}

@article{Sussmann97,
  author = {Sussmann, Hector J. and Willems, Jan C.},
  issn = {02721708},
  journal = {IEEE Control Systems Magazine},
  month = jun,
  number = 3,
  pages = {32--44},
  title = {300 years of optimal control: from the brachystochrone 
  			to the maximum principle},
  volume = 17,
  year = 1997
}

@Book{Rosenblatt62,
  author    = {F. Rosenblatt},
  title     = {Principles of Neurodynamics: Perceptrons and the Theory of Brain Mechanisms},
  publisher = {Spartan},
  year      = {1962}
}

@Article{Fukushima80,
	author 	= {Fukushima, K.},
	year 	= {1980},
	title 	= {Neocognitron: A self-organizing neural network model 
				for a mechanism of pattern recognition unaffected 
				by shift in position},
	journal = {Biological Cybernetics},
	volume 	= {36},
	pages 	= {193--202}
}

@InProceedings{LeCun98b,
    author = {Yann Le{C}un and L\'eon Bottou and Yoshua Bengio and Patrick Haffner},
    title = {Gradient-based learning applied to document recognition},
    booktitle = {Proceedings of the IEEE},
    year = {1998},
    pages = {2278--2324}
}

@InProceedings{Raina09,
	author 	= {Raina, R. and Madhavan, A. and Ng, A. Y.},
	year 	= {2009},
	title 	= {Large-scale deep unsupervised learning using graphics processors},
	booktitle = {Proceedings of the International Conference on Machine Learning (ICML)}, 
	pages 	= {873--880}
}

@InProceedings{Krizhevsky12,
	author 	= {Krizhevsky, A. and Sutskever, I. and Hinton, G.},
	year 	= {2012},
	title 	= {ImageNet classification with deep convolutional neural networks},
	booktitle = {Advances in Neural Information Processing Systems (NIPS)}
}

@inproceedings{Szegedy15,
	title 	= {Going Deeper with Convolutions},
	author  = {Christian Szegedy and Wei Liu and Yangqing Jia 
				and Pierre Sermanet and Scott Reed and Dragomir Anguelov 
				and Dumitru Erhan and Vincent Vanhoucke and Andrew Rabinovich},
	year  = {2015},
	OPTurl = {http://arxiv.org/abs/1409.4842},
	booktitle = {Computer Vision and Pattern Recognition (CVPR)}
}

@InProceedings{Noh15,
    author = {Noh, Hyeonwoo and Hong, Seunghoon and Han, Bohyung},
    booktitle = {International Conference on Computer Vision (ICCV)},
    title = {Learning Deconvolution Network for Semantic Segmentation},
    year = {2015}
}

@InProceedings{Peemen16,
	title 	= {The {N}euro {V}ector {E}ngine: Flexibility 
			to Improve Convolutional Net Efficiency for Wearable Vision},
	author 	= {Maurice Peemen and Runbin Shi and Sohan Lal and Ben Juurlink
			and Bart Mesman and Henk Corporaal},
	booktitle = {Design, Automation and Test in Europe (DATE)}, 
	year 	= {2016}
}

@Article{Bengio91,
	title = "Phonetically motivated acoustic parameters for continuous 
			speech recognition using artificial neural networks",
	journal = "Speech Communication",
	volume = "11",
	number = "2",
	pages = "261--271",
	year = "1992",
	note = "Eurospeech '91",
	author = "Yoshua Bengio and Renato De Mori and Giovanni Flammia and Ralf Kompe"
}

@Book{Hebb49,
  address = {New York},
  author = {Hebb, Donald O.},
  publisher = {John Wiley},
  title = {The Organization of Behavior},
  year = 1949
}

@Article{McCulloch43,
  author = {McCulloch, Warren and Pitts, Walter},
  journal = {Bulletin of Mathematical Biophysics},
  pages = {127--147},
  title = {A Logical Calculus of Ideas Immanent in Nervous Activity},
  volume = 5,
  year = 1943
}

@article{Rumelhart86,
    author = {Rumelhart, D. E. and Hinton, G. E. and Williams, R. J.},
    journal = {Nature},
    number = {Oct},
    pages = {533-536},
    title = {Learning representations by back-propagating errors},
    volume = {323},
    year = {1986}
}

@article{Schultz97,
    author = {Schultz, Wolfram and Dayan, Peter and Montague, P. Read},
    day = {14},
    issn = {1095-9203},
    journal = {Science},
    month = mar,
    number = {5306},
    pages = {1593--1599},
    publisher = {American Association for the Advancement of Science},
    title = {{A Neural Substrate of Prediction and Reward}},
    volume = {275},
    year = {1997}
}

@InBook{Rescorla72,
    address = {New York},
    author = {Rescorla, R. A. and Wagner, A. W.},
    booktitle = {Classical Conditioning II: Current Research and Theory},
    chapter = {3},
    editor = {Black, A. H. and Prokasy, W. F.},
    pages = {64--99},
    publisher = {Appleton-Century-Crofts},
    title = {A theory of {P}avlovian conditioning: Variations in the 
    		effectiveness of reinforcement and nonreinforcement},
    year = {1972}
}

@Article{Houillon13,
	AUTHOR = {Audrey Houillon and Robert Lorenz and Wendelin B\"ohmer
						and Michael Rapp and Andreas Heinz and J\"urgen Gallinat 
						Klaus and Obermayer},
	TITLE = {The effect of novelty on reinforcement learning},
	JOURNAL = {Progress in Brain Research},
	VOLUME = {202},
	YEAR = {2013},
	PAGES = {415--439}
}

@article{Tobia14,
	title = "Neural systems for choice and valuation 
					with counterfactual learning signals ",
	journal = "NeuroImage ",
	volume = "89",
	pages = "57--69",
	year = "2014",
	author = {M.J. Tobia and R. Guo and U. Schwarze and W. B\"ohmer
						and J. Gl\"ascher and B. Finckh and A. Marschner 
						and C. B\"uchel and K. Obermayer and T. Sommer}
}

@Article{Barto82,
	author 	= {Barto, A.G. and Sutton, R.S.},
	year 	= {1982},
	title 	= {Simulation of anticipatory responses in 
			classical conditioning by a neuron-like adaptive element},
	journal = {Behavioral Brain Research},
	volume 	= {4},
	pages 	= {221--235} 
}

@Article{Sutton88,
	author 	= {Sutton, R.S},
	year 	= {1988},
	title 	= {Learning to predict by the methods of temporal differences},
	journal = {Machine Learning},
	volume 	= {3},
	pages 	= {9--44}
}

@InBook{Sutton90,
	author 	= {Sutton, R.S. and Barto, A.G.},
	year 	= {1990},
	title	= {Time-derivative models of pavlovian reinforcement},
	booktitle = {Learning and Computational Neuroscience: 
					Foundations of Adaptive Networks},
	editor 	= {M. Gabriel and J. Moore},
	pages 	= {497--537},
	publisher = {MIT Press}
}

@InBook{Barto90,
	author 	= {Barto, A.G. and Sutton, R.S. and Watkins, C.J.C.H.},
	year 	= {1990},
	title	= {Learning and sequential decision making},
	booktitle = {Learning and Computational Neuroscience: 
			Foundations of Adaptive Networks}, 
	editor  = {M. Gabriel and J.W. Moore}, 
	pages 	= {539--602}, 
	publisher = {MIT Press}
}

@book{Bishop06,
  author    = {C.M. Bishop},
  title     = {Pattern Recognition and Machine Learning},
  publisher = {Springer Verlag},
	isbn      = {978-0-387-31073-2},
  year      = {2006}
}

@Article{Kalman60,
	title 	= {A New Approach to Linear Filtering and Prediction Problems},
	author 	= {R. E. Kalman},
	journal = {Journal of Basic Engineering},
	volume	= {82},
	number 	= {1},
	pages 	= {35--45},
	year 	= {1960},
	doi 	= {10.1115/1.3662552}
}

@Article{Williams92,
	author = {Williams, Ronald J.},
	title = {Simple Statistical Gradient-Following Algorithms 
				for Connectionist Reinforcement Learning},
	journal = {Machine Learning},
	OPTissue_date = {May 1992},
	volume = {8},
	number = {3-4},
	month = may,
	year = {1992},
	issn = {0885-6125},
	pages = {229--256},
	numpages = {28}
} 

@TechReport{Williams93,
  author       	= {Ron J. Williams and Leemon C. Baird},
  title         = {Tight Performance Bounds on Greedy Policies 
  					Based on Imperfect Value Functions},
  month         = {Nov},
  year          = {1993},
  number        = {NU--CCS-93-14},
  url           = {http://leemon.com/papers/1993wb2.pdf},
  institution   = {Northeastern University}
}

@inproceedings{Boser92,
 author = {Boser, B. E. and Guyon, I. M. and Vapnik, V. N.},
 title = {A Training Algorithm for Optimal Margin Classifiers},
 booktitle = {Proceedings of the Fifth Annual Workshop on Computational Learning Theory},
 year = {1992},
 pages = {144--152}
} 

@Book{Vapnik95,
    author = {V. N. Vapnik},
    title = {The Nature of Statistical Learning Theory},
    publisher = {Springer},
    year = {1995}
}

@Article{Rubin83,
    author   = {D.B. Rubin},
    title    = {Iteratively reweighted least squares},
    journal  = {Encyclopedia of Statistical Sciences},
    year     = {1983},
	volume	 = {4},
	pages 	 = {272--275},
	publisher= {Wiley}
}

@Article{Mercer09,
	author = {Mercer, J.},
	title = {Functions of Positive and Negative Type, 
			and their Connection with the Theory of Integral Equations},
	volume = {209},
	number = {441-458},
	pages = {415--446},
	year = {1909},
	doi = {10.1098/rsta.1909.0016},
	publisher = {The Royal Society},
	issn = {0264-3952},
	journal = {Philosophical Transactions of the Royal Society of London 
		A: Mathematical, Physical and Engineering Sciences}
}

@article{Hoerl70,
  author = {Hoerl, A. E. and Kennard, R. W.},
  journal = {Technometrics},
  pages = {55--67},
  title = {Ridge Regression: Biased
        Estimation for Nonorthogonal Problems},
  volume = 12,
  year = 1970
}

@Article{Cover67,
 author = {Cover, T. and Hart, P.},
 title = {Nearest Neighbor Pattern Classification},
 journal = {IEEE Transactions on Information Theory},
 volume = {13},
 number = {1},
 year = {1967},
 pages = {21--27},
 publisher = {IEEE Press},
 address = {Piscataway, NJ, USA},
} 

@InProceedings{Sutton09,
	author 	= {Sutton, R. S. and Szepesvari, Cs. and Maei, H. R.},
	year 	= {2009},
	title 	= {A convergent $O(n)$ algorithm for off-policy 
			temporal-difference learning with linear function approximation},
	booktitle = {Advances in Neural Information Processing Systems},
	volume  = {21}, 
	pages 	= {1609--1616},
	publisher = {MIT Press}
}

@Article{Glynn89,
	author 	= {P. W. Glynn and D. L. Iglehart},
	title	= {Importance sampling for stochastic simulations},
	journal = {Management Science}, 
	volume 	= {35},
	number 	= {11},
	pages 	= {1367--1392}, 
	year 	= {1989}
}

@InProceedings{Baird95,
    author 	= {Leemon Baird},
    title 	= {Residual Algorithms: Reinforcement Learning 
 			   	with Function Approximation},
    booktitle = {Proceedings of the Twelfth International Conference 
 			   	on Machine Learning},
    year = {1995},
    pages = {30--37},
    publisher = {Morgan Kaufmann}
}

@Article{Choi06,
	author 	= {D. Choi and B. Roy}, 
	title	= {A generalized Kalman filter for fixed point approximation 
				and efficient temporal-difference learning},
	journal = {Discrete Event Dynamic Systems},
	volume 	= {16}, 
	number 	= {2},
	pages 	= {207--239}, 
	year 	= {2006}
}

@Article{Schweitzer85,
	author 	= {P. J. Schweitzer and A. Seidmann}, 
	title 	= {Generalized polynomial approximations in 
				{M}arkovian decision processes},
	journal = {Journal of Mathematical Analysis and Applications}, 
	volume 	= {110},
	number 	= {2},
	pages 	= {568--582},
	year 	= {1985}
}

@Article{Geist10,
	author 	= {M. Geist and O. Pietquin},
	title 	= {Kalman temporal differences},
	journal = {Journal of Artificial Intelligence Research}, 
	volume 	= {39},
	number 	= {1},
	pages 	= {483--532}, 
	year 	= {2010}
}

@article{Nedic03,
	year={2003},
	journal={Discrete Event Dynamic Systems},
	volume={13},
	number={1-2},
	title={Least Squares Policy Evaluation Algorithms with 
			Linear Function Approximation},
	publisher={Kluwer Academic Publishers},
	author={Nedi\'c, A. and Bertsekas, D.P.},
	pages={79--110}
}

@InProceedings{Riedmiller93,
    author = {Martin Riedmiller and Heinrich Braun},
    title = {A Direct Adaptive Method for Faster 
    		Backpropagation Learning: The {RPROP} Algorithm},
    booktitle = {IEEE International Conference on Neural Networks},
    year = {1993},
    pages = {586--591}
}


@incollection{Hochreiter01,
  author = {Hochreiter, S. and Bengio, Y. and Frasconi, P. and Schmidhuber, J.},
  booktitle = {A Field Guide to Dynamical Recurrent Neural Networks},
  editor = {Kremer and Kolen},
  publisher = {IEEE Press},
  title = {Gradient flow in recurrent nets: the difficulty of learning long-term
	dependencies},
  year = 2001
}

@Article{Hochreiter97,
 author = {Hochreiter, Sepp and Schmidhuber, J\"{u}rgen},
 title = {Long Short-Term Memory},
 journal = {Neural Computation},
 volume = {9},
 number = {8},
 year = {1997},
 pages = {1735--1780},
 publisher = {MIT Press},
 address = {Cambridge, MA, USA}
} 

@article {Jaeger04,
	author = {Jaeger, Herbert and Haas, Harald},
	title = {Harnessing Nonlinearity: Predicting Chaotic Systems 
		and Saving Energy in Wireless Communication},
	volume = {304},
	number = {5667},
	pages = {78--80},
	year = {2004},
	url = {http://science.sciencemag.org/content/304/5667/78.full.pdf},
	journal = {Science}
}

@Article{Graves13,
  author    = {Alex Graves},
  title     = {Generating Sequences With Recurrent Neural Networks},
  journal   = {CoRR},
  volume    = {abs/1308.0850},
  year      = {2013},
  url       = {http://arxiv.org/abs/1308.0850},
  archivePrefix = {arXiv},
  eprint    = {1308.0850}
}

@Article{Schuster97,
 author = {Schuster, M. and Paliwal, K.K.},
 title = {Bidirectional Recurrent Neural Networks},
 journal = {Transactions on Signal Processing},
 volume = {45},
 number = {11},
 year = {1997},
 pages = {2673--2681}
} 

@Misc{Bahdanau15,
  author = {Bahdanau, Dzmitry and Cho, Kyunghyun and Bengio, Yoshua},
  note = {Accepted at ICLR 2015 as oral presentation},
  title = {Neural Machine Translation by Jointly Learning to Align and Translate},
  url = {http://arxiv.org/abs/1409.0473},
  year = 2015
}

@Article{Oord16,
  author = {van den Oord, A\"aron and Dieleman, Sander 
  		and Zen, Heiga and Simonyan, Karen and Vinyals, Oriol 
  		and Graves, Alex and Kalchbrenner, Nal 
  		and Senior, Andrew W. and Kavukcuoglu, Koray},
  journal = {CoRR},
  title = {WaveNet: A Generative Model for Raw Audio},
  url = {https://arxiv.org/pdf/1609.03499.pdf},
  OPTvolume = {abs/1609.03499},
  year = {2016}
}


@Article{Karpathy17,
  author    = {Andrej Karpathy and Li Fei{-}Fei},
  title     = {Deep Visual-Semantic Alignments for Generating Image Descriptions},
  journal   = {{IEEE} Trans. Pattern Anal. Mach. Intell.},
  volume    = {39},
  number    = {4},
  pages     = {664--676},
  year      = {2017},
  pdf 		= {http://cs.stanford.edu/people/karpathy/cvpr2015.pdf}
}

@article{Deisenroth13,
  author    = {Marc Peter Deisenroth and
               Gerhard Neumann and
               Jan Peters},
  title     = {A Survey on Policy Search for Robotics},
  journal   = {Foundations and Trends in Robotics},
  volume    = {2},
  number    = {1-2},
  pages     = {1--142},
  year      = {2013}
}

@article{Olshausen07,
    author = {Olshausen, Bruno A. and Cadieu, Charles 
    		and Culpepper, Jack and Warland, David K.},
    editor = {Rogowitz, Bernice E. and Pappas, Thrasyvoulos N. 
    		and Daly, Scott J.},
    journal = {Human Vision and Electronic Imaging XII},
    number = {1},
    publisher = {SPIE},
    title = {Bilinear models of natural images},
    volume = {6492},
    year = {2007}
}

@inbook{Gaschler12,
	Title = {Intelligent Object Exploration},
	Author = {Robert Gaschler and Dov Katz and Martin Grund 
			and Peter A. Frensch and Oliver Brock},
	Booktitle = {Human Machine Interaction-Getting Closer},
	Pages = {236-260},
	Year = {2012},
	Isbn = {978-953-307-890-8},
	Month = {January 25},
	Editor = {Maurtua Inaki},
	Publisher = {InTech},
	Chapter = {12}
}

@Article{Diettrich08,
	year={2008},
	issn={0885-6125},
	journal={Machine Learning},
	volume={73},
	number={1},
	title={Structured machine learning: the next ten years},
	publisher={Springer US},
	author={Dietterich, ThomasG. and Domingos, Pedro and Getoor, Lise 
			and Muggleton, Stephen and Tadepalli, Prasad},
	pages={3-23}
}

@InProceedings{Xing02,
  title={Distance metric learning with application to clustering with side-information},
  author={Xing, Eric P and Jordan, Michael I and Russell, Stuart and Ng, Andrew Y},
  booktitle={Advances in neural information processing systems},
  pages={505--512},
  year={2002}
}

@InProceedings{Parikh11,
	author 	= {D. Parikh and K. Grauman},
	title 	= {Relative Attributes},
	booktitle = {Proceedings of the International Conference 
				on Computer Vision ({ICCV})}, 
	pages 	= {503--510},
	year 	= {2011}
}

@article{Coradeschi13,
	author = {Coradeschi, Silvia and Loutfi, Amy and Wrede, Britta},
	issn = {0933-1875},
	journal = {KI -- K\"{u}nstliche Intelligenz},
	number = 2,
	pages = {129-136},
	title = {A Short Review of Symbol Grounding in Robotic and Intelligent Systems},
	volume = 27,
	year = 2013
}

@Article{Li02,
	author 	= {Y. Li and C. Campbell and M. E. Tipping},
	year 	= {2002},
	title 	= {Bayesian automatic relevance determination 
				algorithms for classifying gene expression data},
	journal = {Bioinformatics},
	volume	= {18},
	number 	= {10},
	pages 	= {1332--1339}
}

@InCollection{Wipf07,
    author = {Wipf, David and Nagarajan, Srikantan},
    booktitle = {Advances in Neural Information Processing Systems 20},
    OPTeditor = {Platt, J. C. and Koller, D. and Singer, Y. and Roweis, S.},
    pages = {1625--1632},
    publisher = {MIT Press},
    title = {A New View of Automatic Relevance Determination},
    year = {2008}
}

@Article{Sutton99,
    author = {Richard Sutton and Doina Precup and Satinder Singh},
    title = {Between {MDP}s and Semi-{MDP}s: A Framework for 
    		Temporal Abstraction in Reinforcement Learning},
    journal = {Artificial Intelligence},
    year = {1999},
    volume = {112},
    pages = {181--211}
}

@Article{Solway14,
	author 	= {Solway, A. and Diuk, C. and C\'ordova, N. and Yee, D 
				and Barto, A. G. and Niv, Y. and Botvinick, M. M.},
	year 	= {2014},
	title 	= {Optimal Behavioral Hierarchy}, 
	journal = {PLoS Computational Biology},
	volume 	= {10},
	number 	= {8},
	pages 	= {e1003779}, 
	doi 	= {10.1371/journal.pcbi.1003779}
}

@InProceedings{Simsek08,
  author    = {{\"{O}}zg{\"{u}}r Simsek and
               Andrew G. Barto},
  title     = {Skill Characterization Based on Betweenness},
  booktitle = {Advances in Neural Information Processing Systems 21},
  pages     = {1497--1504},
  year      = {2008}
}

@article{Schapiro13,
    author = {Schapiro, Anna C. and Rogers, Timothy T. 
    		and Cordova, Natalia I. and Turk-Browne, Nicholas B. 
    		and Botvinick, Matthew M.},
    day = {17},
    issn = {1546-1726},
    journal = {Nature neuroscience},
    month = apr,
    number = {4},
    pages = {486--492},
    title = {Neural representations of events arise 
    		from temporal community structure.},
    volume = {16},
    year = {2013}
}

@Article{RibasFernandes11,
	author = {Jos\'e J.F. Ribas-Fernandes and Alec Solway 
			and Carlos Diuk and Joseph T. McGuire 
			and Andrew G. Barto and Yael Niv and Matthew M. Botvinick},
	title = {A Neural Signature of Hierarchical Reinforcement Learning},
	journal = "Neuron",
	volume = "71",
	number = "2",
	pages = "370--379",
	year = "2011",
	issn = "0896-6273"
}

@inproceedings{Konidaris10,
  author = {Konidaris, George and Kuindersma, Scott and Barto, Andrew G. 
  			and Grupen, Roderic A.},
  booktitle = {Advances in Neural Information Processing Systems 21},
  pages = {1162-1170},
  title = {Constructing Skill Trees for Reinforcement Learning 
  		Agents from Demonstration Trajectories.},
  year = 2010
}

@inproceedings{Sutton90b,
  author = {Sutton, Richard S.},
  booktitle = {Proceedings of the Seventh Intternational 
  			Conference on Machine Learning},
  pages = {216-224},
  OPTpublisher = {Morgan Kaufmann},
  title = {Integrated Architectures for Learning, Planning, 
  		and Reacting Based on Approximating Dynamic Programming.},
  year = 1990
}

@Book{Osborne94,
  address = {Cambridge, USA},
  author = {Osborne, Martin J. and Rubinstein, Ariel},
  isbn = {0-262-65040-1},
  publisher = {The MIT Press},
  title = {A course in game theory},
  year = 1994
}

@Article{Tanaka04,
  author = {Tanaka, S. C. and Doya, K. and Okada, G. and Ueda, K. 
  			and Okamoto, Y. and Yamawaki, S.},
  journal = {Nature Neuroscience},
  pages = {887--893},
  title = {Prediction of immediate and future rewards 
  			differentially recruits	cortico-basal ganglia loops},
  volume = 7,
  year = 2004
}

@article{Tanaka07,
    author = {Tanaka, Saori C. and Schweighofer, Nicolas 
    		and Asahi, Shuji and Shishida, Kazuhiro 
    		and Okamoto, Yasumasa and Yamawaki, Shigeto and Doya, Kenji},
    doi = {10.1371/journal.pone.0001333},
    journal = {PLoS ONE},
    month = jan,
    number = {12},
    title = {Serotonin differentially regulates short- and long-term prediction of rewards in the ventral and dorsal striatum},
    volume = {2},
    year = {2007}
}

@InProceedings{Kolter09,
	author = {Kolter, J. Zico and Ng, Andrew Y.},
	title = {Regularization and Feature Selection in 
			Least-squares Temporal Difference Learning},
	booktitle = {Proceedings of the 26th Annual International 
			Conference on Machine Learning},
	year = {2009},
	pages = {521--528}
} 

@InProceedings{Johns10,
  author = {Johns, Jeffrey and Painter-Wakefield, Christopher and Parr, Ronald},
  booktitle = {Advances in Neural Information Processing Systems},
  pages = {1009-1017},
  publisher = {Curran Associates, Inc.},
  title = {Linear Complementarity for Regularized Policy Evaluation and Improvement},
  year = 2010
}

@inproceedings{PainterWakefield12,
  author = {Painter-Wakefield, Christopher and Parr, Ronald},
  booktitle = {Proceedings of the 29th International Conference 
  			on Machine Learning},
  title = {Greedy Algorithms for Sparse Reinforcement Learning},
  year = 2012
}

@article{Wookey15,
  author = {Wookey, Dean S. and Konidaris, George D.},
  journal = {Machine Learning},
  number = {2-3},
  pages = {655--676},
  title = {Regularized feature selection in reinforcement learning.},
  volume = 100,
  year = 2015
}

 @incollection{Perkins02,
    Publisher = {MIT Press},
    Title = {A Convergent Form of Approximate Policy Iteration},
    Booktitle = {Advances in Neural Information Processing Systems 15},
    Author = {Theodore J. Perkins and Doina Precup},
    editor = {Becker, Suzanna and Thrun, Sebastian and Obermayer, Klaus},
    Year = {2002},
    Pages = {1595--1602}
   } 

@Book{Neumann44,
  author =	 {John Von Neumann and Oskar Morgenstern},
  title = 	 {Theory of Games and Economic Behavior},
  publisher = 	 {Princeton University Press},
  year = 	 1944,
  isbn = 	 {0691119937}
}

@Article{Nash51,
  author = {Nash, J.F.},
  journal = {Annals of Mathematics},
  number = 2,
  pages = {286--295},
  title = {Non-cooperative Games},
  volume = 54,
  year = 1951
}

@Book{Dayan05,
 author = {Dayan, Peter and Abbott, L. F.},
 title = {Theoretical Neuroscience: Computational and 
 			Mathematical Modeling of Neural Systems},
 year = {2005},
 isbn = {0262541858},
 publisher = {The MIT Press},
} 

@Article{Dayan08a,
	author 	= {Peter Dayan and Yael Niv},
	title 	= {Reinforcement learning: The Good, The Bad and The Ugly},
	journal = {Current Opinion in Neurobiology},
	volume 	= {18},
	pages 	= {185--196},
	year 	= {2008}
}

@InCollection{Dayan08b,
  booktitle	= {Better Than Conscious?: Decision Making, the Human Mind, 
  				and Implications for Institutions},
  author 	= {Peter Dayan},
  title 	= {The Role of Value Systems in Decision Making},
  year		= {2008},
  isbn 		= {0-262-19580-1},
  publisher	= {MIT Press}
}

@Article{Glaescher10,
	author 	= {Jan Gl\"ascher and Nathaniel Daw and Peter Dayan 
				and John P. O'Doherty},
	title 	= {States versus Rewards: Dissociable Neural
				Prediction Error Signals Underlying Model-Based
				and Model-Free Reinforcement Learning},
	journal = {Neuron},
	volume 	= {66},
	pages 	= {585--595},
	year 	= {2010}
}

@InProceedings{Lange12, 
	author		= {Sascha Lange and Martin Riedmiller and Arne Voigtlaender},
	year 		= {2012},
	title		= {Autonomous reinforcement learning on raw visual 
					input data in a real world application},
	booktitle	= {International Joint Conference on Neural Networks, 
					Brisbane, Australia}
}

@InCollection{Boehmer16,
	author 		= {Wendelin B\"ohmer and Rong Guo and Klaus Obermayer},
	title		= {Non-deterministic policy improvement 
				stabilizes approximate reinforcement learning},
	booktitle 	= {European Workshop of Reinforcement Learning (EWRL)},
	url         = {https://ewrl.files.wordpress.com/2016/11/ewrl13-2016-submission_2.pdf},
	year 		= {2016}
}

@InProceedings{Mnih16,
  author    = {Volodymyr Mnih and
               Adri{\`{a}} Puigdom{\`{e}}nech Badia and
               Mehdi Mirza and
               Alex Graves and
               Timothy P. Lillicrap and
               Tim Harley and
               David Silver and
               Koray Kavukcuoglu},
  title     = {Asynchronous Methods for Deep Reinforcement Learning},
  booktitle = {Proceedings of the 33nd International Conference on Machine Learning,
               {ICML} 2016},
  pages     = {1928--1937},
  year      = {2016},
  url       = {http://jmlr.org/proceedings/papers/v48/mniha16.html}
}

@inproceedings{Girshick14,
 author = {Girshick, Ross and Donahue, Jeff and Darrell, Trevor and Malik, Jitendra},
 title = {Rich Feature Hierarchies for Accurate Object Detection and Semantic Segmentation},
 booktitle = {Proceedings of the 2014 IEEE Conference on Computer Vision and Pattern Recognition},
 series = {CVPR '14},
 year = {2014},
 pages = {580--587}
} 

@incollection{Williams95,
 author = {Williams, Ronald J. and Zipser, David},
 chapter = {Gradient-based Learning Algorithms for Recurrent Networks 
 			and Their Computational Complexity},
 title = {Backpropagation},
 year = {1995},
 pages = {433--486},
 publisher = {L. Erlbaum Associates Inc.}
} 

