@book{russell2016artificial,
  title={Artificial intelligence: a modern approach},
  author={Russell, Stuart J and Norvig, Peter},
  year={2016},
  publisher={Malaysia; Pearson Education Limited,}
}
@book{koller2009probabilistic,
  title={Probabilistic graphical models: principles and techniques},
  author={Koller, Daphne and Friedman, Nir},
  year={2009},
  publisher={MIT press}
}
@book{bishop2006pattern,
  title={Pattern recognition and machine learning},
  author={Bishop, Christopher M},
  year={2006},
  publisher={springer},
  URL={http://users.isr.ist.utl.pt/~wurmd/Livros/school/Bishop%20-%20Pattern%20Recognition%20And%20Machine%20Learning%20-%20Springer%20%202006.pdf}
}
@misc{Jebaraslides,
  Author = {Jebara, Tony},
  Institution = {Columbia University},
  Howpublished = {University Lecture},
  Year = {1015},
  Title = {Machine Learning 4771, Topic 17},
  url = {http://www.cs.columbia.edu/~jebara/4771/notes/class17x.pdf}
}
